1725 3042
293 134 376 199 ‘12
506 100 1291 198 nn³sssNEcTuTE.

287 256 418 297 cum
431 237 576 296 inter
589 235 729 296 duos
739 234 1056 297 consulatus
1064 239 1197 297 anni
1210 236 1405 298 decem
1412 237 1514 298 in-

289 324 510 383 terssuxi
515 320 670 398 ffent,
693 320 996 402 censorque
1009 338 1141 383 ante
1154 321 1323 383 consu
1328 324 1515 385 latum

293 407 623 489 superiorem
653 407 848 469 fuisset.
894 430 971 467 ex
997 410 1113 490 qiio
1146 410 1512 489 intelligitur,

293 497 492 574 Pyrrhi
521 495 667 557 bello
689 494 954 573 grandem
978 494 1105 555 sane
1126 494 1311 568 fuiffe3
1338 513 1399 555 et
1418 513 1511 557 ta·

293 602 423 643 men
437 580 509 643 fic
524 604 555 641 a
567 584 816 662 patribus
827 584 1160 663 accepimus.
1178 582 1319 643 nihil
1334 585 1515 661 igitur

297 665 558 744 afferunt,
580 670 677 749 qui
693 670 753 727 in
769 689 827 727 re
839 668 1079 747 gerenda
1099 666 1301 729 versari
1316 668 1511 730 senec·

299 770 477 815 tutem
492 770 717 833 negant,
741 752 1038 835 similesque
1060 752 1210 832 sunt,
1234 771 1320 831 ut,
1344 754 1385 815 fi
1406 758 1519 837 qui·

301 840 755 919 gubernatorem
740 863 802 902 ιιι
833 841 1153 921 navigando
1178 862 1337 921 agere
1364 844 1517 903 nihil

303 928 510 1005 dicant,
545 950 670 989 cum
686 928 775 988 alii
789 928 965 989 malos
986 927 1276 1004 scandant,
1299 928 1392 988 alii
1413 948 1517 1009 per

301 1014 458 1076 foros
469 1014 801 1092 cursent‚alii
813 1012 1083 1075 sentinam
1090 1016 1517 1075 exhauriant.il-

301 1101 355 1161 le
385 1118 568 1163 autem
589 1103 806 1163 clavum
827 1117 1027 1162 tenens
1051 1099 1229 1162 sedeat
1252 1104 1313 1161 in
1336 1104 1517 1183 puppi

305 1190 544 1269 quietae.
591 1210 712 1249 non
723 1188 891 1251 faciat
904 1210 988 1265 ea,
1014 1208 1153 1268 quae
1163 1189 1425 1267 juvenes.
1452 1205 1518 1249 at

304 1279 444 1337 vero
459 1274 634 1337 multo
649 1276 862 1354 majora
877 1291 934 1336 et
948 1276 1177 1335 meliora
1192 1275 1344 1335 facit.
1388 1296 1517 1337 non

303 1364 540 1439 viribuS,
563 1378 659 1423 aut
687 1362 1097 1438 velocitatibus,
1118 1378 1213 1423 aut
1234 1362 1519 1424 celeritate
1558 1384 1579 1405 *-

307 1470 602 1530 corporum
617 1469 702 1510 res
719 1470 948 1529 magnae
960 1465 1247 1528 geruntur=
1266 1447 1357 1508 sed
1370 1470 1518 1509 con·

306 1534 446 1609 filio,
477 1537 818 1611 austeritate,
839 1534 1132 1612 sententia,
1155 1537 1359 1616 quibus
1390 1556 1517 1597 non

304 1622 476 1683 modo
493 1644 612 1683 non
629 1624 837 1698 orbari,
859 1620 951 1682 sed
964 1624 1130 1682 etiam
1152 1624 1339 1700 augeri
1354 1620 1516 1683 sene·

305 1714 426 1771 &us
445 1708 599 1771 solet.
625 1708 727 1769 nifi
739 1710 887 1769 forte
902 1730 1005 1788 ego
1018 1711 1179 1769 vobis
1183 1752 1203 1785 ‚
1221 1711 1319 1789 qui
1334 1724 1392 1767 et
1406 1712 1513 1769 mi-

303 1796 411 1872 les»,
427 1813 484 1856 et
500 1799 754 1856 tribunus
757 1838 780 1872 ‚
794 1812 849 1855 et
863 1796 1099 1875 legatus,
1110 1812 1169 1855 et
1182 1794 1375 1855 consul
1388 1818 1515 1856 ver-

298 1880 452 1943 satus
467 1880 583 1941 sum
598 1885 658 1941 in
671 1884 832 1943 vario
845 1902 1044 1962 genere
1059 1882 1353 1959 bellorum,
1398 1882 1514 1943 ces·

304 1966 420 2031 sare
450 1990 602 2030 nunc
622 1968 838 2045 videor,
870 1989 999 2031 cum
1028 1968 1171 2029 bella
1198 1990 1319 2029 non
1348 1990 1508 2048 gero.

303 2073 364 2117 at
377 2054 608 2133 senatui,
624 2078 764 2137 quae
779 2055 904 2115 sunt
917 2054 1515 2136 gerenda,praescribo,
1586 2104 1591 2107 .

303 2160 361 2205 et
391 2142 714 2222 quomodo:
743 2144 1067 2220 Carthagini
1098 2142 1239 2201 male
1263 2144 1383 2219 jam
1414 2143 1511 2203 diu

301 2232 597 2307 cogitanti,
620 2229 822 2290 bellum
845 2228 1025 2289 multo
1046 2246 1175 2287 ante
1197 2228 1471 2289 denuntio
1491 2252 1510 2290 ε

303 2314 375 2377 de
405 2334 516 2394 qua
545 2318 724 2375 vereri
753 2318 874 2375 non
902 2330 1034 2375 ante
1055 2314 1315 2391 desinam,
1340 2314 1509 2395 quarn
1558 2366 1566 2371 ,

304 2402 458 2463 illam
472 2400 705 2461 excisam
721 2399 822 2461 effi:
837 2420 1177 2480 cognovero.
1204 2423 1371 2482 quam
1388 2400 1509 2483 pai-

305 2508 450 2551 mam
473 2490 683 2553 utinam
703 2488 778 2550 dii
797 2488 1137 2551 immortales
1160 2490 1285 2567 tibi,
1302 2487 1508 2569 Scipio,
