1725 3042
273 180 569 239 LIBER
610 176 1353 257 SECUNDUS-123

133 300 295 345 nnus-
349 296 415 341 ut
435 281 612 358 igitur
627 280 690 338 in
721 280 954 361 reliquis
988 282 1152 341 rebus
1181 282 1363 345 multo

135 370 364 449 majora
377 364 506 427 sunt
517 384 680 448 opera
693 368 885 445 animi,
903 388 1067 447 quam
1081 372 1365 452 corporis,

135 454 217 516 fic
235 459 342 515 hae
356 474 470 531 res,
492 472 630 535 quas
651 451 1063 535 persequimur
1047 456 1275 535 ingenio
1296 478 1367 521 ac

139 544 390 618 ratione,
413 541 680 620 gratiores
702 538 851 619 sunt,
878 560 1051 623 quam
1044 542 1199 620 illae,
1222 562 1365 624 quas

137 630 384 690 viribus.
430 629 605 709 prima
617 628 784 705 iginu-
805 629 1213 691 commendatio
1226 650 1366 711 pro-

140 713 450 777 ficiscitura
463 712 867 790 modestia,tum
878 716 1079 794 pietate
1090 718 1151 775 in
1167 738 1363 797 paren·

139 818 261 878 tes,
283 818 405 862 tum
427 802 488 860 in
512 796 642 861 suos
662 800 1072 862 benevolentia.
1117 800 1367 864 facillime

139 903 337 950 autem
349 904 408 948 et
421 890 483 947 in
499 888 767 969 optimam
787 902 1001 969 partem
1020 887 1367 967 cognoscun-

142 992 246 1037 tur
270 974 656 1051 adolescentes,
681 977 779 1056 qui
800 974 854 1035 st
875 975 944 1036 ad
964 975 1141 1036 claros
1156 973 1367 1057 etsapi·

141 1078 312 1124 entes
338 1063 518 1138 vitoe,
551 1064 690 1123 bene
723 1058 1073 1124 consulentes
1110 1063 1367 1145 reipubli-

143 1170 267 1226 cae,
284 1134 658 1210 contulerunt·
642 1148 1038 1230 3qnibuscumfi
1050 1150 1370 1231 frequentes

144 1235 286 1313 fint,
308 1238 635 1317 opinionem
661 1234 899 1297 afferunt
919 1236 1153 1318 populo,
1176 1256 1369 1299 eorum

148 1322 282 1385 fore
309 1321 364 1382 se
394 1322 618 1399 ssmiles,
639 1342 784 1404 quos
814 1322 913 1382 fibi
940 1322 1039 1405 ipsi
1073 1322 1373 1401 delegerint

151 1410 226 1471 ad
243 1408 590 1470 imitandum.
619 1417 684 1471 P.
710 1410 905 1469 Rutilii
934 1406 1370 1487 adolescentiam,

153 1496 227 1557 ad
241 1498 568 1579 opinionem
581 1512 637 1556 et
651 1498 1001 1557 iunocentiae
1024 1511 1080 1557 et
1102 1499 1247 1577 juris
1270 1495 1371 1560 sci-

153 1585 343 1644 entiae
362 1626 383 1659 ,
421 1588 486 1641 P.
511 1584 681 1641 Mutii
703 1582 1111 1641 commendavit
1137 1581 1335 1643 domus
1352 1606 1375 1645 t

155 1690 296 1731 nam
333 1674 406 1727 L.
432 1668 656 1749 quidem
692 1664 909 1726 Craffus
925 1709 945 1743 ,
983 1686 1107 1727 cum
1126 1666 1253 1729 effet
1278 1670 1375 1731 ad-

155 1753 392 1819 modum
414 1752 724 1814 adolescens
751 1796 774 1831 ,
803 1772 925 1814 non
946 1754 1167 1817 aliunde
1185 1772 1372 1817 mutu.

164 1858 288 1904 atus
319 1838 432 1918 est,
469 1838 560 1902 sed
582 1840 677 1902 fibi
706 1838 820 1923 ipse
847 1844 1058 1925 peperit
1079 1846 1375 1905 maximam

165 1929 376 1989 laudem
397 1948 471 1989 ex
489 1928 583 1989 illa
604 1926 945 1990 accusatione
967 1932 1145 1991 nobili
1172 1947 1227 1992 et
1248 1932 1379 2009 glo-

167 2012 336 2076 riosa:
361 2030 438 2091 et,
465 2034 576 2096 qua
588 2032 766 2076 aetate
779 2019 879 2105 qui
892 2032 1241 2094 exercentur,
1256 2018 1379 2077 lau-

167 2100 234 2162 de
254 2100 394 2161 affici
413 2100 593 2163 solent
613 2103 709 2173 (ut
735 2101 806 2162 de
825 2094 1193 2163 Demosthene
1222 2125 1375 2165 acce-

170 2190 403 2269 pimus);
428 2208 492 2247 ea
513 2203 687 2248 aetate
701 2196 774 2249 L.
793 2188 1011 2249 Craffus
1034 2188 1292 2292 ostendit,
1315 2190 1376 2253 id

170 2273 250 2334 se'
234 2296 294 2335 m
307 2274 434 2334 foro
458 2278 670 2356 optime
683 2276 803 2353 jam
821 2275 1017 2351 facere,
1041 2277 1193 2355 quod
1212 2279 1378 2338 etiam

171 2377 288 2420 tum
317 2376 532 2441 poterat
559 2361 712 2423 domi
748 2382 875 2421 cum
908 2362 1068 2421 laude
1102 2362 1375 2421 meditari.

93 2452 120 2535 ‚¹
131 2456 154 2497 4
171 2446 288 2523 Sed,
303 2468 428 2507 cum
449 2445 654 2526 duplex
669 2448 811 2506 ratio
827 2446 896 2507 fit
908 2448 1205 2520 orationis,
1236 2464 1381 2523 qua-

175 2553 297 2600 mm
323 2534 384 2599 in
413 2532 584 2593 altera
609 2531 788 2593 sermo
813 2530 967 2610 fit,
953 2552 1015 2592 m
1042 2530 1219 2592 altera
1240 2547 1387 2589 con-

712 2622 843 2699 ΕΞ
