1725 3042
304 168 425 232 172
648 155 769 213 DE
816 157 1241 215 OFcmns

289 256 579 339 postulare,
608 270 671 315 ut
694 254 959 334 quaedam
981 254 1078 313 fibi
1100 260 1508 341 concedantur,
1517 287 1534 321 ·.

290 365 409 423 quo
422 343 655 416 facilius,
684 360 823 420 quae
836 340 1062 416 volunt,
1085 343 1368 422 explicent
1386 373 1405 423 ς
1427 351 1508 411 fic

287 450 393 507 ego
408 450 441 487 a
456 443 510 486 te
524 427 759 508 postulo,
781 428 863 485 mi
881 430 1101 503 cicere,
1125 445 1188 487 ut
1201 434 1336 493 mihi
1359 458 1506 496 con..

286 516 469 588 cedas,
486 513 522 572 fi
536 530 695 593 potes
701 558 720 589 ,
744 513 904 588 nihil,
921 528 1134 592 praeter
1147 516 1204 574 id
1219 520 1376 598 quod
1391 526 1502 582 ho-

285 599 495 662 nestum
524 599 609 675 fit,
632 614 861 680 propter
889 596 942 657 se
963 598 1066 657 effe
1081 606 1452 681 expetendum
1473 630 1496 667 ς

284 686 367 747 fin
380 690 489 746 hoc
504 706 622 745 non
644 686 770 745 licet
792 704 892 765 per
909 687 1258 766 Cratippum,
1280 707 1339 751 at
1360 694 1499 754 illud

284 789 433 833 certe
450 772 624 847 dabis,
636 771 787 851 quod
802 770 1088 830 honestum
1105 770 1248 849 fit‚id
1261 778 1366 837 essie
1383 800 1502 839 ma.

283 862 433 921 xime
471 874 697 940 propter
724 856 777 916 se
807 857 1196 937 expetendum.
1258 866 1396 923 mihi
1427 886 1496 925 u-

284 948 523 1007 trumvis
554 944 681 1004 satis
704 942 808 1017 est;
834 958 892 1001 et
911 964 1038 1003 eum
1059 948 1190 1018 hoc,
1213 962 1334 1008 tum
1357 950 1498 1013 illud

282 1031 617 1116 probabilius
636 1030 878 1104 videtur,
901 1050 1006 1089 nec
1029 1048 1307 1111 praeterea
1329 1037 1494 1115 quid-

279 1138 449 1202 quam
476 1117 778 1199 probabile.
839 1138 904 1176 ac
932 1118 1168 1196 primum
1201 1125 1494 1183 Panaetius

280 1209 345 1267 in
373 1209 482 1265 hoc
508 1202 878 1263 defendendus
897 1202 991 1279 est,
1013 1205 1170 1285 quod
1191 1226 1314 1266 non
1335 1208 1498 1271 utilia

280 1314 411 1355 cum
424 1288 659 1352 honestis
674 1310 918 1371 pugnare
937 1290 1234 1371 aliquando
1250 1292 1398 1374 poffe
1413 1293 1498 1355 di-

279 1382 431 1443 xerit
448 1378 655 1457 (neque
668 1378 815 1436 enim
828 1377 880 1435 ei
894 1376 976 1435 fas
990 1376 1248 1455 erat)‚sed
1261 1400 1498 1460 ea,quae

284 1468 310 1499 ‘
330 1464 667 1527 viderentur’
684 1464 855 1522 utilia.
875 1462 1013 1521 nihil
1027 1485 1164 1524 vero
1179 1464 1515 1547 utile‚quod-

281 1574 405 1616 non
414 1552 555 1625 idem
562 1549 870 1621 honestum
877 1548 1016 1609 nihil
1027 1548 1310 1610 honestum
1311 1554 1496 1632 ,quod

282 1662 406 1702 non
422 1640 563 1701 idem
586 1636 717 1697 utile
738 1634 827 1711 fit,
850 1633 1002 1714 saepe
1024 1636 1277 1696 testaturz
1304 1656 1508 1717 negat-

282 1748 393 1810 que
422 1724 587 1785 ullam
608 1722 805 1803 pestem
826 1722 1092 1799 majorem
1112 1724 1172 1781 in
1193 1726 1368 1783 vitam
1383 1729 1494 1786 ho·

279 1814 493 1876 minum
502 1806 928 1887 invafiffe,quam
941 1828 1132 1869 eorum
1143 1811 1490 1889 opinionem,

279 1901 381 1981 qui
412 1895 507 1958 ista
532 1892 905 1955 distraxerint.
951 1897 1138 1977 itaque
1169 1916 1288 1956 non
1308 1913 1372 1957 ut
1393 1898 1498 1959 ali-

280 1984 511 2068 quando
540 1998 995 2063 anteponeremus
1031 1982 1184 2041 utilia
1210 1980 1448 2043 honestis
1465 2028 1490 2061 ‚

281 2074 375 2135 sed
404 2086 467 2132 ut
494 2092 557 2131 ea
580 2068 697 2131 fine
728 2090 918 2129 errore
950 2068 1372 2146 dijudicaremus
1392 2112 1411 2143 ,
1447 2070 1496 2132 fi

282 2160 509 2240 quando
523 2154 1076 2231 incidiffitntjnduxit
1087 2176 1204 2215 eam
1207 2176 1367 2235 ,quae
1375 2156 1395 2187 ‘
1403 2158 1496 2217 vi-

282 2247 309 2281 ‘
332 2247 568 2307 deretur'
584 2242 710 2316 effe,
736 2262 859 2301 non
881 2261 1020 2322 quae
1041 2242 1062 2275 ‘
1086 2240 1234 2317 effet,
1253 2246 1268 2269 ’
1292 2262 1496 2322 repug-

284 2332 551 2397 nantiam.
576 2332 717 2389 hanc
730 2329 899 2404 igitur
914 2342 1124 2408 par-tem
1141 2329 1378 2388 reliam
1393 2349 1512 2389 exc

284 2420 580 2501 plebitum,
600 2414 766 2474 nullis
796 2412 1162 2489 adminiculis,
1185 2411 1274 2474 sed
1297 2412 1392 2484 (ut
1411 2414 1500 2475 di-

278 2507 459 2583 citur)
476 2502 497 2535 ‘
512 2516 686 2568 marte
699 2496 894 2566 nostro
908 2522 925 2562 ε
945 2503 960 2527 ’
975 2520 1158 2583 neque
1171 2500 1320 2577 enim
1336 2500 1500 2585 quid-
