1725 3042
405 142 528 199 DE
572 128 1179 199 SENECTUTE.
1323 151 1397 213 17

202 243 462 305 coluntur
473 256 530 302 et
543 239 939 321 diligunturzfic
952 240 1317 303 adolescentes
1326 240 1405 301 se&

202 352 340 390 num
370 330 670 409 praeceptis
698 328 937 407 gaudent
941 372 960 405 ‚
984 332 1182 408 quibus
1199 328 1269 409 ad
1290 331 1407 388 vir·

202 431 384 477 tutum
399 415 570 476 studia
581 415 881 476 ducuntur.
930 436 1034 474 nec
1048 418 1234 497 minus
1248 415 1413 475 intel⁴

201 504 318 581 ligo
334 523 421 563 me
433 504 620 577 vobis,
642 523 808 583 quam
823 522 929 563 vos
947 502 1081 562 mihi
1098 502 1411 579 effejucun-

201 588 328 651 dos.
377 589 466 649 sed
493 589 716 664 videtis,
738 605 802 648 ut
831 588 1071 649 seneeius
1095 610 1214 649 non
1237 588 1409 650 modo

199 675 462 753 languida
475 692 640 755 atque
653 678 800 733 iners
817 695 938 734 non
954 673 1232 749 fit,verum
1244 676 1411 736 etiam

200 760 270 822 fit
283 760 514 842 operosa
527 776 583 819 et
595 759 800 840 semper
813 780 983 839 agens
998 760 1281 839 aliquid‚et
1293 782 1414 841 mo:-

202 846 482 920 liensgtale
495 845 714 921 scilicet,
725 846 889 927 quale
902 847 991 925 cuj
999 845 1165 928 usque
1180 844 1413 921 studium

201 935 266 993 in
281 931 558 1013 superiore
577 936 696 994 vita
715 932 843 993 fuit.
892 932 1048 1013 quid,
1073 932 1225 1014 quod
1246 934 1413 993 etiam

203 1018 492 1080 addiscunt
519 1019 725 1101 aliquid
743 1020 764 1079 ἒ
789 1034 852 1079 ut
880 1019 1142 1080 Solonem
1170 1016 1417 1080 verfibus

201 1104 530 1185 gloriantem
551 1107 822 1183 videmus,
847 1109 946 1186 qui
969 1105 1021 1166 se
1042 1105 1291 1187 quotidie
1311 1105 1413 1166 ali-

202 1193 342 1273 quid
354 1192 917 1269 addiscentem‚senem
932 1192 1049 1253 fieri
1062 1193 1216 1253 dicit=
1232 1206 1296 1252 ut
1308 1212 1415 1271 ego

203 1278 331 1361 feci,
341 1281 440 1359 qui
457 1286 692 1339 Graecas
706 1280 891 1339 literas
905 1278 1069 1338 senex
1084 1279 1413 1359 didici.quas

204 1360 426 1445 quidem
441 1364 511 1424 fic
526 1365 682 1424 avide
696 1367 919 1447 arripui,
932 1363 1081 1444 quafi
1094 1364 1415 1425 diuturnam

203 1448 346 1511 fitim
363 1452 581 1533 explere
595 1454 843 1532 cupiens,
869 1468 931 1511 ut
946 1472 1009 1511 ea
1022 1449 1135 1532 ipsa
1155 1453 1289 1511 mihi
1306 1470 1413 1511 no·

204 1553 264 1599 ta
277 1536 466 1615 effent,
477 1540 678 1618 quibus
691 1552 778 1599 m‘e
792 1560 941 1598 nunc
954 1537 1218 1619 exemplis
1231 1540 1314 1597 uti
1326 1539 1415 1598 vi·-

205 1624 372 1685 detis.
421 1624 573 1703 quod
587 1644 713 1683 cum
727 1622 903 1683 fecisse
914 1632 1192 1683 Socratem
1208 1626 1268 1682 in
1290 1622 1413 1683 fidi·-

203 1712 310 1771 bus
340 1709 582 1769 audirem
598 1754 619 1786 ,
654 1709 852 1770 vellem
881 1709 1132 1791 equidem
1162 1724 1219 1767 et
1246 1708 1410 1769 illudx

207 1794 522 1868 (discebant
533 1797 682 1855 enim
697 1795 893 1857 fidibus
909 1796 1155 1875 antiqui)
1170 1792 1261 1855 sed
1276 1797 1335 1856 in
1352 1795 1419 1855 li-

153 1901 186 1947 9
209 1885 340 1943 teris
368 1896 515 1943 certe
541 1882 838 1945 elaboravi.
975 1889 1094 1942 Nec
1116 1904 1270 1941 nunc
1290 1883 1415 1963 qui-

207 1969 331 2030 dem
345 1972 491 2030 vires
508 1967 749 2029 defidero
764 1966 1115 2029 adolescentis
1120 2011 1138 2043 ‚
1169 1965 1251 2037 [is
1268 1970 1418 2029 enim

207 2071 328 2115 erat
347 2056 503 2116 locus
525 2055 660 2116 alter
681 2055 750 2115 de
771 2058 923 2115 vitiis
946 2053 1265 2131 seneoutis]
1295 2075 1418 2115 non

110 2192 119 2197 -
209 2142 332 2221 plus
337 2162 523 2221 ,quam
538 2140 852 2203 adolescens
874 2142 1037 2215 tauri,
1046 2158 1141 2199 aut
1154 2140 1416 2221 elephan-

211 2228 260 2285 ti
287 2226 667 2289 defiderabam.
717 2226 871 2307 quod
896 2225 992 2301 est,
1012 2248 1081 2286 eo
1112 2226 1270 2288 decet
1301 2230 1381 2287 uti
1397 2248 1413 2287 ε

211 2327 268 2370 et
282 2312 552 2392 quidquid
568 2336 718 2391 agas,
743 2334 899 2391 agere
914 2332 1017 2392 pro
1026 2315 1259 2375 viribus.
1278 2334 1419 2394 quae

211 2399 361 2456 enim
377 2418 496 2457 vox
517 2398 692 2478 potest
705 2398 810 2459 ess'e
831 2402 1229 2479 contemptior,
1251 2408 1418 2477 quam

213 2483 448 2547 Milonis
477 2487 871 2549 Crotoniatae?
906 2486 1025 2567 qul,
1048 2504 1175 2545 cum
1199 2486 1317 2562 jam
1344 2481 1422 2545 se·
