<?xml version="1.0" encoding="UTF-8"?>
<!DOCTYPE html PUBLIC "-//W3C//DTD XHTML 1.0 Transitional//EN"
    "http://www.w3.org/TR/xhtml1/DTD/xhtml1-transitional.dtd">
<html xmlns="http://www.w3.org/1999/xhtml" xml:lang="en" lang="en">
 <head>
  <title>
</title>
<meta http-equiv="Content-Type" content="text/html;charset=utf-8" />
  <meta name='ocr-system' content='tesseract 3.04.00' />
  <meta name='ocr-capabilities' content='ocr_page ocr_carea ocr_par ocr_line ocrx_word'/>
</head>
<body>
  <div class='ocr_page' id='page_1' title='image "./mtulliiciceroni09unkngoog/mtulliiciceroni09unkngoog_0095.png"; bbox 0 0 1725 3042; ppageno 0'>
   <div class='ocr_carea' id='block_1_1' title="bbox 404 204 1398 281">
    <p class='ocr_par' dir='ltr' id='par_1_1' title="bbox 404 204 1398 281">
     <span class='ocr_line' id='line_1_1' title="bbox 404 204 1398 281; baseline 0.008 -20"><span class='ocrx_word' id='word_1_1' title='bbox 404 204 699 262; x_wconf 84' lang='lat' dir='ltr'>LIBER</span> <span class='ocrx_word' id='word_1_2' title='bbox 742 206 1120 263; x_wconf 85' lang='lat' dir='ltr'><strong>PRIMUS.</strong></span> <span class='ocrx_word' id='word_1_3' title='bbox 1318 208 1398 281; x_wconf 79' lang='grc'><strong>67</strong></span> 
     </span>
    </p>
   </div>
   <div class='ocr_carea' id='block_1_2' title="bbox 171 298 1493 2479">
    <p class='ocr_par' dir='ltr' id='par_1_2' title="bbox 171 298 1493 2199">
     <span class='ocr_line' id='line_1_2' title="bbox 171 298 1409 367; baseline 0.003 -4"><span class='ocrx_word' id='word_1_4' title='bbox 171 298 401 363; x_wconf 66' lang='lat' dir='ltr'><strong>debeat.</strong></span> <span class='ocrx_word' id='word_1_5' title='bbox 451 322 586 361; x_wconf 85' lang='lat' dir='ltr'><strong>num</strong></span> <span class='ocrx_word' id='word_1_6' title='bbox 603 302 754 361; x_wconf 85' lang='lat' dir='ltr'><strong>enim</strong></span> <span class='ocrx_word' id='word_1_7' title='bbox 767 301 871 363; x_wconf 77' lang='lat' dir='ltr'><strong>alia</strong></span> <span class='ocrx_word' id='word_1_8' title='bbox 886 303 945 361; x_wconf 88' lang='lat' dir='ltr'><strong>in</strong></span> <span class='ocrx_word' id='word_1_9' title='bbox 964 299 1139 363; x_wconf 80' lang='lat' dir='ltr'><strong>cauffa</strong></span> <span class='ocrx_word' id='word_1_10' title='bbox 1153 307 1241 363; x_wconf 88' lang='lat' dir='ltr'><strong>M.</strong></span> <span class='ocrx_word' id='word_1_11' title='bbox 1260 308 1409 367; x_wconf 81' lang='lat' dir='ltr'><strong>Cato</strong></span> 
     </span>
     <span class='ocr_line' id='line_1_3' title="bbox 171 386 1406 470; baseline 0.005 -21"><span class='ocrx_word' id='word_1_12' title='bbox 171 387 316 461; x_wconf 80' lang='lat' dir='ltr'><strong>suit,</strong></span> <span class='ocrx_word' id='word_1_13' title='bbox 341 386 444 447; x_wconf 77' lang='lat' dir='ltr'><strong>alia</strong></span> <span class='ocrx_word' id='word_1_14' title='bbox 468 390 688 465; x_wconf 65' lang='lat' dir='ltr'><strong>meteri,</strong></span> <span class='ocrx_word' id='word_1_15' title='bbox 707 391 806 470; x_wconf 83' lang='lat' dir='ltr'><strong>qui</strong></span> <span class='ocrx_word' id='word_1_16' title='bbox 827 386 962 448; x_wconf 88' lang='lat' dir='ltr'><strong>sein</strong></span> <span class='ocrx_word' id='word_1_17' title='bbox 980 388 1165 449; x_wconf 76' lang='lat' dir='ltr'><strong>Affiea</strong></span> <span class='ocrx_word' id='word_1_18' title='bbox 1188 390 1406 455; x_wconf 77' lang='lat' dir='ltr'>Caesari</span> 
     </span>
     <span class='ocr_line' id='line_1_4' title="bbox 171 473 1405 555; baseline 0.005 -20"><span class='ocrx_word' id='word_1_19' title='bbox 171 473 530 535; x_wconf 79' lang='lat' dir='ltr'><strong>tradiderunt</strong></span> <span class='ocrx_word' id='word_1_20' title='bbox 551 475 574 534; x_wconf 75' lang='grc' dir='ltr'><strong><em>ἓ</em></strong></span> <span class='ocrx_word' id='word_1_21' title='bbox 599 478 752 555; x_wconf 79' lang='lat' dir='ltr'><strong>atqui</strong></span> <span class='ocrx_word' id='word_1_22' title='bbox 773 478 1002 535; x_wconf 77' lang='lat' dir='ltr'><strong>caeteris</strong></span> <span class='ocrx_word' id='word_1_23' title='bbox 1016 474 1247 537; x_wconf 85' lang='lat' dir='ltr'><strong>forfitan</strong></span> <span class='ocrx_word' id='word_1_24' title='bbox 1262 479 1405 541; x_wconf 83' lang='lat' dir='ltr'><strong>vitio</strong></span> 
     </span>
     <span class='ocr_line' id='line_1_5' title="bbox 173 558 1493 646; baseline 0.005 -25"><span class='ocrx_word' id='word_1_25' title='bbox 173 560 377 621; x_wconf 78' lang='lat' dir='ltr'><strong>datum</strong></span> <span class='ocrx_word' id='word_1_26' title='bbox 389 558 538 637; x_wconf 67' lang='lat' dir='ltr'><strong>effer,</strong></span> <span class='ocrx_word' id='word_1_27' title='bbox 551 559 592 621; x_wconf 81' lang='lat' dir='ltr'>fi</span> <span class='ocrx_word' id='word_1_28' title='bbox 606 560 660 622; x_wconf 89' lang='lat' dir='ltr'><strong>se</strong></span> <span class='ocrx_word' id='word_1_29' title='bbox 674 560 1089 637; x_wconf 78' lang='lat' dir='ltr'><strong>interemiffent,</strong></span> <span class='ocrx_word' id='word_1_30' title='bbox 1102 579 1401 646; x_wconf 80' lang='lat' dir='ltr'><strong>propterea</strong></span> <span class='ocrx_word' id='word_1_31' title='bbox 1480 560 1493 567; x_wconf 77' lang='grc'><strong><em>’</em></strong></span> 
     </span>
     <span class='ocr_line' id='line_1_6' title="bbox 173 646 1401 726; baseline 0.007 -21"><span class='ocrx_word' id='word_1_32' title='bbox 173 646 338 726; x_wconf 84' lang='lat' dir='ltr'><strong>quod</strong></span> <span class='ocrx_word' id='word_1_33' title='bbox 353 666 545 708; x_wconf 89' lang='lat' dir='ltr'><strong>eorum</strong></span> <span class='ocrx_word' id='word_1_34' title='bbox 561 650 678 709; x_wconf 78' lang='lat' dir='ltr'><strong>vita</strong></span> <span class='ocrx_word' id='word_1_35' title='bbox 688 648 897 724; x_wconf 82' lang='lat' dir='ltr'><strong>lenior,</strong></span> <span class='ocrx_word' id='word_1_36' title='bbox 908 666 965 709; x_wconf 86' lang='lat' dir='ltr'><strong>et</strong></span> <span class='ocrx_word' id='word_1_37' title='bbox 978 669 1161 710; x_wconf 68' lang='lat' dir='ltr'><strong>mores</strong></span> <span class='ocrx_word' id='word_1_38' title='bbox 1176 648 1401 713; x_wconf 71' lang='lat' dir='ltr'><strong>sumt</strong></span> 
     </span>
     <span class='ocr_line' id='line_1_7' title="bbox 172 733 1397 799; baseline 0.005 -6"><span class='ocrx_word' id='word_1_39' title='bbox 172 733 454 793; x_wconf 68' lang='lat' dir='ltr'><strong>ficiliores</strong></span> <span class='ocrx_word' id='word_1_40' title='bbox 478 756 496 795; x_wconf 71' lang='grc' dir='ltr'><em>ε</em></span> <span class='ocrx_word' id='word_1_41' title='bbox 523 737 732 795; x_wconf 77' lang='lat' dir='ltr'><strong>Catoni</strong></span> <span class='ocrx_word' id='word_1_42' title='bbox 753 752 935 796; x_wconf 80' lang='lat' dir='ltr'><strong>autem</strong></span> <span class='ocrx_word' id='word_1_43' title='bbox 956 756 1083 795; x_wconf 83' lang='lat' dir='ltr'><strong>cum</strong></span> <span class='ocrx_word' id='word_1_44' title='bbox 1104 738 1397 799; x_wconf 84' lang='lat' dir='ltr'><strong>incredibi-</strong></span> 
     </span>
     <span class='ocr_line' id='line_1_8' title="bbox 172 818 1399 903; baseline 0.003 -22"><span class='ocrx_word' id='word_1_45' title='bbox 172 819 290 881; x_wconf 76' lang='lat' dir='ltr'><strong>lem</strong></span> <span class='ocrx_word' id='word_1_46' title='bbox 305 818 576 881; x_wconf 67' lang='lat' dir='ltr'><strong>tribuisset</strong></span> <span class='ocrx_word' id='word_1_47' title='bbox 591 836 788 881; x_wconf 81' lang='lat' dir='ltr'><strong>natura</strong></span> <span class='ocrx_word' id='word_1_48' title='bbox 801 823 1148 899; x_wconf 74' lang='lat' dir='ltr'><strong>gravitatem,</strong></span> <span class='ocrx_word' id='word_1_49' title='bbox 1168 842 1399 903; x_wconf 80' lang='lat' dir='ltr'><strong>eamque</strong></span> 
     </span>
     <span class='ocr_line' id='line_1_9' title="bbox 172 904 1397 987; baseline 0.004 -21"><span class='ocrx_word' id='word_1_50' title='bbox 172 904 562 987; x_wconf 78' lang='lat' dir='ltr'><strong>ipseperpetua</strong></span> <span class='ocrx_word' id='word_1_51' title='bbox 569 906 873 969; x_wconf 78' lang='lat' dir='ltr'><strong>constantia</strong></span> <span class='ocrx_word' id='word_1_52' title='bbox 881 906 1397 984; x_wconf 81' lang='lat' dir='ltr'><strong>roboraviffet‚sem-</strong></span> 
     </span>
     <span class='ocr_line' id='line_1_10' title="bbox 173 992 1397 1076; baseline 0.007 -26"><span class='ocrx_word' id='word_1_53' title='bbox 173 1012 392 1073; x_wconf 83' lang='lat' dir='ltr'>perque</span> <span class='ocrx_word' id='word_1_54' title='bbox 404 994 464 1052; x_wconf 88' lang='lat' dir='ltr'><strong>in</strong></span> <span class='ocrx_word' id='word_1_55' title='bbox 483 992 766 1075; x_wconf 84' lang='lat' dir='ltr'><strong>propofito</strong></span> <span class='ocrx_word' id='word_1_56' title='bbox 785 992 1145 1076; x_wconf 78' lang='lat' dir='ltr'><strong>susceptoque</strong></span> <span class='ocrx_word' id='word_1_57' title='bbox 1164 993 1397 1059; x_wconf 75' lang='lat' dir='ltr'><strong>confine</strong></span> 
     </span>
     <span class='ocr_line' id='line_1_11' title="bbox 173 1077 1397 1163; baseline 0.005 -25"><span class='ocrx_word' id='word_1_58' title='bbox 173 1077 560 1159; x_wconf 68' lang='lat' dir='ltr'><strong>permansisset,</strong></span> <span class='ocrx_word' id='word_1_59' title='bbox 607 1080 955 1141; x_wconf 84' lang='lat' dir='ltr'><strong>moriendum</strong></span> <span class='ocrx_word' id='word_1_60' title='bbox 987 1084 1199 1163; x_wconf 78' lang='lat' dir='ltr'><strong>potius,</strong></span> <span class='ocrx_word' id='word_1_61' title='bbox 1230 1102 1397 1163; x_wconf 83' lang='lat' dir='ltr'><strong>quam</strong></span> 
     </span>
     <span class='ocr_line' id='line_1_12' title="bbox 176 1166 1393 1248; baseline 0.007 -23"><span class='ocrx_word' id='word_1_62' title='bbox 176 1168 404 1245; x_wconf 81' lang='lat' dir='ltr'><strong>tyranni</strong></span> <span class='ocrx_word' id='word_1_63' title='bbox 433 1167 620 1227; x_wconf 83' lang='lat' dir='ltr'><strong>vultus</strong></span> <span class='ocrx_word' id='word_1_64' title='bbox 649 1166 1028 1248; x_wconf 75' lang='lat' dir='ltr'><strong>adspiciendus</strong></span> <span class='ocrx_word' id='word_1_65' title='bbox 1050 1169 1177 1230; x_wconf 82' lang='lat' dir='ltr'><strong>fuit.</strong></span> <span class='ocrx_word' id='word_1_66' title='bbox 1224 1190 1393 1248; x_wconf 75' lang='lat' dir='ltr'><strong>quam</strong></span> 
     </span>
     <span class='ocr_line' id='line_1_13' title="bbox 174 1251 1395 1333; baseline 0.005 -23"><span class='ocrx_word' id='word_1_67' title='bbox 174 1251 352 1312; x_wconf 82' lang='lat' dir='ltr'><strong>multa</strong></span> <span class='ocrx_word' id='word_1_68' title='bbox 365 1251 543 1333; x_wconf 78' lang='lat' dir='ltr'><strong>paffus</strong></span> <span class='ocrx_word' id='word_1_69' title='bbox 556 1252 632 1313; x_wconf 86' lang='lat' dir='ltr'><strong>est</strong></span> <span class='ocrx_word' id='word_1_70' title='bbox 643 1254 850 1332; x_wconf 77' lang='lat' dir='ltr'><strong>Ulyss&#39;es</strong></span> <span class='ocrx_word' id='word_1_71' title='bbox 873 1256 933 1313; x_wconf 85' lang='lat' dir='ltr'><strong>in</strong></span> <span class='ocrx_word' id='word_1_72' title='bbox 948 1254 1049 1315; x_wconf 85' lang='lat' dir='ltr'><strong>ino</strong></span> <span class='ocrx_word' id='word_1_73' title='bbox 1070 1276 1257 1315; x_wconf 83' lang='lat' dir='ltr'><strong>errore</strong></span> <span class='ocrx_word' id='word_1_74' title='bbox 1268 1254 1395 1317; x_wconf 84' lang='lat' dir='ltr'><strong>diu-</strong></span> 
     </span>
     <span class='ocr_line' id='line_1_14' title="bbox 177 1338 1392 1413; baseline 0.004 -16"><span class='ocrx_word' id='word_1_75' title='bbox 177 1352 376 1413; x_wconf 81' lang='lat' dir='ltr'><strong>turno,</strong></span> <span class='ocrx_word' id='word_1_76' title='bbox 395 1360 524 1399; x_wconf 85' lang='lat' dir='ltr'><strong>cum</strong></span> <span class='ocrx_word' id='word_1_77' title='bbox 536 1356 593 1399; x_wconf 86' lang='lat' dir='ltr'><strong>et</strong></span> <span class='ocrx_word' id='word_1_78' title='bbox 613 1340 930 1401; x_wconf 83' lang='lat' dir='ltr'><strong>mulieribus</strong></span> <span class='ocrx_word' id='word_1_79' title='bbox 954 1338 1025 1411; x_wconf 81' lang='lat' dir='ltr'><strong>(fi</strong></span> <span class='ocrx_word' id='word_1_80' title='bbox 1041 1343 1199 1401; x_wconf 85' lang='lat' dir='ltr'><strong>Circe</strong></span> <span class='ocrx_word' id='word_1_81' title='bbox 1211 1356 1269 1401; x_wconf 91' lang='lat' dir='ltr'><strong>et</strong></span> <span class='ocrx_word' id='word_1_82' title='bbox 1282 1348 1392 1402; x_wconf 84' lang='lat' dir='ltr'><strong>Ca-</strong></span> 
     </span>
     <span class='ocr_line' id='line_1_15' title="bbox 171 1422 1391 1507; baseline 0.004 -24"><span class='ocrx_word' id='word_1_83' title='bbox 171 1422 337 1505; x_wconf 78' lang='lat' dir='ltr'><strong>lypso</strong></span> <span class='ocrx_word' id='word_1_84' title='bbox 349 1424 600 1487; x_wconf 81' lang='lat' dir='ltr'><strong>mulieres</strong></span> <span class='ocrx_word' id='word_1_85' title='bbox 614 1426 963 1507; x_wconf 75' lang='lat' dir='ltr'>appellandae</span> <span class='ocrx_word' id='word_1_86' title='bbox 986 1424 1147 1503; x_wconf 86' lang='lat' dir='ltr'><strong>sunt)</strong></span> <span class='ocrx_word' id='word_1_87' title='bbox 1162 1424 1391 1488; x_wconf 81' lang='lat' dir='ltr'><strong>inservi-</strong></span> 
     </span>
     <span class='ocr_line' id='line_1_16' title="bbox 175 1510 1390 1585; baseline 0.003 -14"><span class='ocrx_word' id='word_1_88' title='bbox 175 1526 290 1585; x_wconf 82' lang='lat' dir='ltr'><strong>ret,</strong></span> <span class='ocrx_word' id='word_1_89' title='bbox 309 1526 364 1571; x_wconf 89' lang='lat' dir='ltr'><strong>et</strong></span> <span class='ocrx_word' id='word_1_90' title='bbox 393 1514 454 1571; x_wconf 86' lang='lat' dir='ltr'><strong>in</strong></span> <span class='ocrx_word' id='word_1_91' title='bbox 469 1513 626 1573; x_wconf 86' lang='lat' dir='ltr'><strong>omni</strong></span> <span class='ocrx_word' id='word_1_92' title='bbox 647 1510 897 1573; x_wconf 87' lang='lat' dir='ltr'>sermone</span> <span class='ocrx_word' id='word_1_93' title='bbox 918 1515 1177 1576; x_wconf 77' lang='lat' dir='ltr'><strong>omnibus</strong></span> <span class='ocrx_word' id='word_1_94' title='bbox 1198 1512 1390 1575; x_wconf 76' lang='lat' dir='ltr'><strong>affabi-</strong></span> 
     </span>
     <span class='ocr_line' id='line_1_17' title="bbox 171 1596 1393 1674; baseline 0.003 -17"><span class='ocrx_word' id='word_1_95' title='bbox 171 1596 286 1657; x_wconf 85' lang='lat' dir='ltr'><strong>lem</strong></span> <span class='ocrx_word' id='word_1_96' title='bbox 299 1596 672 1674; x_wconf 82' lang='lat' dir='ltr'><strong>etjucundum</strong></span> <span class='ocrx_word' id='word_1_97' title='bbox 685 1597 740 1659; x_wconf 87' lang='lat' dir='ltr'><strong>se</strong></span> <span class='ocrx_word' id='word_1_98' title='bbox 751 1598 858 1657; x_wconf 81' lang='lat' dir='ltr'><strong>effe</strong></span> <span class='ocrx_word' id='word_1_99' title='bbox 868 1598 1037 1659; x_wconf 85' lang='lat' dir='ltr'><strong>vellet</strong></span> <span class='ocrx_word' id='word_1_100' title='bbox 1050 1602 1071 1659; x_wconf 84' lang='lat'>?</span> <span class='ocrx_word' id='word_1_101' title='bbox 1089 1600 1241 1661; x_wconf 61' lang='lat' dir='ltr'><strong>donni</strong></span> <span class='ocrx_word' id='word_1_102' title='bbox 1253 1618 1393 1661; x_wconf 78' lang='lat' dir='ltr'><strong>vero</strong></span> 
     </span>
     <span class='ocr_line' id='line_1_18' title="bbox 171 1682 1391 1747; baseline 0.002 -2"><span class='ocrx_word' id='word_1_103' title='bbox 171 1684 346 1745; x_wconf 82' lang='lat' dir='ltr'><strong>etiam</strong></span> <span class='ocrx_word' id='word_1_104' title='bbox 360 1683 724 1743; x_wconf 74' lang='lat' dir='ltr'><strong>contumelias</strong></span> <span class='ocrx_word' id='word_1_105' title='bbox 743 1682 1031 1745; x_wconf 80' lang='lat' dir='ltr'><strong>servorum</strong></span> <span class='ocrx_word' id='word_1_106' title='bbox 1045 1684 1391 1747; x_wconf 79' lang='lat' dir='ltr'><strong>ancillarum·</strong></span> 
     </span>
     <span class='ocr_line' id='line_1_19' title="bbox 173 1768 1391 1853; baseline 0.005 -25"><span class='ocrx_word' id='word_1_107' title='bbox 173 1789 291 1850; x_wconf 88' lang='lat' dir='ltr'><strong>que</strong></span> <span class='ocrx_word' id='word_1_108' title='bbox 303 1768 550 1851; x_wconf 85' lang='lat' dir='ltr'><strong>pertulit,</strong></span> <span class='ocrx_word' id='word_1_109' title='bbox 565 1784 630 1831; x_wconf 88' lang='lat' dir='ltr'><strong>ut</strong></span> <span class='ocrx_word' id='word_1_110' title='bbox 641 1769 711 1831; x_wconf 88' lang='lat' dir='ltr'><strong>ad</strong></span> <span class='ocrx_word' id='word_1_111' title='bbox 723 1769 780 1831; x_wconf 88' lang='lat' dir='ltr'><strong>id</strong></span> <span class='ocrx_word' id='word_1_112' title='bbox 795 1770 1115 1850; x_wconf 80' lang='lat' dir='ltr'><strong>aliquando,</strong></span> <span class='ocrx_word' id='word_1_113' title='bbox 1132 1770 1284 1853; x_wconf 87' lang='lat' dir='ltr'><strong>quod</strong></span> <span class='ocrx_word' id='word_1_114' title='bbox 1297 1794 1391 1833; x_wconf 88' lang='lat' dir='ltr'><strong>cu-</strong></span> 
     </span>
     <span class='ocr_line' id='line_1_20' title="bbox 173 1857 1388 1940; baseline 0.005 -25"><span class='ocrx_word' id='word_1_115' title='bbox 173 1857 382 1938; x_wconf 82' lang='lat' dir='ltr'><strong>piebat,</strong></span> <span class='ocrx_word' id='word_1_116' title='bbox 401 1858 731 1937; x_wconf 83' lang='lat' dir='ltr'><strong>perveniret.</strong></span> <span class='ocrx_word' id='word_1_117' title='bbox 776 1872 836 1919; x_wconf 87' lang='lat' dir='ltr'><strong>at</strong></span> <span class='ocrx_word' id='word_1_118' title='bbox 863 1857 1037 1935; x_wconf 81' lang='lat' dir='ltr'><strong>Ajax‚</strong></span> <span class='ocrx_word' id='word_1_119' title='bbox 1056 1869 1174 1940; x_wconf 83' lang='lat' dir='ltr'><strong>quo</strong></span> <span class='ocrx_word' id='word_1_120' title='bbox 1196 1860 1388 1921; x_wconf 83' lang='lat' dir='ltr'><strong>animo</strong></span> 
     </span>
     <span class='ocr_line' id='line_1_21' title="bbox 175 1941 1383 2026; baseline 0.006 -24"><span class='ocrx_word' id='word_1_121' title='bbox 175 1941 430 2017; x_wconf 75' lang='lat' dir='ltr'><strong>traditur,</strong></span> <span class='ocrx_word' id='word_1_122' title='bbox 451 1942 648 2003; x_wconf 75' lang='lat' dir='ltr'><strong>millies</strong></span> <span class='ocrx_word' id='word_1_123' title='bbox 663 1959 923 2025; x_wconf 86' lang='lat' dir='ltr'><strong>oppetere</strong></span> <span class='ocrx_word' id='word_1_124' title='bbox 933 1960 1194 2022; x_wconf 84' lang='lat' dir='ltr'><strong>mortem,</strong></span> <span class='ocrx_word' id='word_1_125' title='bbox 1216 1966 1383 2026; x_wconf 78' lang='lat' dir='ltr'><strong>quam</strong></span> 
     </span>
     <span class='ocr_line' id='line_1_22' title="bbox 177 2027 1387 2113; baseline 0.004 -25"><span class='ocrx_word' id='word_1_126' title='bbox 177 2027 272 2089; x_wconf 77' lang='lat' dir='ltr'><strong>illa</strong></span> <span class='ocrx_word' id='word_1_127' title='bbox 282 2028 489 2112; x_wconf 86' lang='lat' dir='ltr'><strong>perpeti</strong></span> <span class='ocrx_word' id='word_1_128' title='bbox 503 2028 788 2091; x_wconf 70' lang='lat' dir='ltr'><strong>maluisset.</strong></span> <span class='ocrx_word' id='word_1_129' title='bbox 833 2050 977 2111; x_wconf 80' lang='lat' dir='ltr'><strong>quae</strong></span> <span class='ocrx_word' id='word_1_130' title='bbox 998 2030 1387 2113; x_wconf 46' lang='lat' dir='ltr'><strong>contemplari*</strong></span> 
     </span>
     <span class='ocr_line' id='line_1_23' title="bbox 179 2114 1383 2199; baseline 0.002 -24"><span class='ocrx_word' id='word_1_131' title='bbox 179 2130 261 2175; x_wconf 78' lang='lat' dir='ltr'><strong>tes</strong></span> <span class='ocrx_word' id='word_1_132' title='bbox 275 2115 578 2197; x_wconf 82' lang='lat' dir='ltr'><strong>expendere</strong></span> <span class='ocrx_word' id='word_1_133' title='bbox 591 2119 891 2198; x_wconf 85' lang='lat' dir='ltr'><strong>oportebit,</strong></span> <span class='ocrx_word' id='word_1_134' title='bbox 893 2117 1029 2198; x_wconf 83' lang='lat' dir='ltr'><strong>quid</strong></span> <span class='ocrx_word' id='word_1_135' title='bbox 1043 2114 1275 2199; x_wconf 84' lang='lat' dir='ltr'><strong>quisque</strong></span> <span class='ocrx_word' id='word_1_136' title='bbox 1285 2121 1383 2177; x_wconf 82' lang='lat' dir='ltr'><strong>ha-</strong></span> 
     </span>
    </p>

    <p class='ocr_par' dir='ltr' id='par_1_3' title="bbox 177 2202 1384 2286">
     <span class='ocr_line' id='line_1_24' title="bbox 177 2202 1384 2286; baseline 0.003 -25"><span class='ocrx_word' id='word_1_137' title='bbox 177 2203 301 2262; x_wconf 83' lang='lat' dir='ltr'><strong>beat</strong></span> <span class='ocrx_word' id='word_1_138' title='bbox 315 2202 426 2277; x_wconf 81' lang='lat' dir='ltr'><strong>sui3</strong></span> <span class='ocrx_word' id='word_1_139' title='bbox 450 2222 620 2283; x_wconf 85' lang='lat' dir='ltr'><strong>eaque</strong></span> <span class='ocrx_word' id='word_1_140' title='bbox 632 2203 928 2280; x_wconf 78' lang='lat' dir='ltr'><strong>moderari,</strong></span> <span class='ocrx_word' id='word_1_141' title='bbox 950 2224 1055 2265; x_wconf 85' lang='lat' dir='ltr'><strong>nec</strong></span> <span class='ocrx_word' id='word_1_142' title='bbox 1068 2204 1206 2265; x_wconf 83' lang='lat' dir='ltr'><strong>velle</strong></span> <span class='ocrx_word' id='word_1_143' title='bbox 1218 2224 1384 2286; x_wconf 82' lang='lat' dir='ltr'><strong>expe·-</strong></span> 
     </span>
    </p>

    <p class='ocr_par' dir='ltr' id='par_1_4' title="bbox 173 2248 1437 2457">
     <span class='ocr_line' id='line_1_25' title="bbox 177 2248 1386 2369; baseline 0.002 -21"><span class='ocrx_word' id='word_1_144' title='bbox 177 2290 297 2364; x_wconf 79' lang='lat' dir='ltr'><strong>riri,</strong></span> <span class='ocrx_word' id='word_1_145' title='bbox 319 2309 485 2369; x_wconf 85' lang='lat' dir='ltr'><strong>quam</strong></span> <span class='ocrx_word' id='word_1_146' title='bbox 499 2287 554 2349; x_wconf 88' lang='lat' dir='ltr'><strong>se</strong></span> <span class='ocrx_word' id='word_1_147' title='bbox 566 2288 743 2351; x_wconf 78' lang='lat' dir='ltr'><strong>aliena</strong></span> <span class='ocrx_word' id='word_1_148' title='bbox 755 2248 1015 2352; x_wconf 83' lang='lat' dir='ltr'><strong>deceant.</strong></span> <span class='ocrx_word' id='word_1_149' title='bbox 1040 2292 1099 2353; x_wconf 89' lang='lat' dir='ltr'><strong>id</strong></span> <span class='ocrx_word' id='word_1_150' title='bbox 1110 2292 1259 2353; x_wconf 86' lang='lat' dir='ltr'><strong>enim</strong></span> <span class='ocrx_word' id='word_1_151' title='bbox 1272 2311 1386 2351; x_wconf 88' lang='lat' dir='ltr'><strong>ma-</strong></span> 
     </span>
     <span class='ocr_line' id='line_1_26' title="bbox 173 2375 1437 2479; baseline 0 -44"><span class='ocrx_word' id='word_1_152' title='bbox 173 2376 325 2435; x_wconf 83' lang='lat' dir='ltr'><strong>xime</strong></span> <span class='ocrx_word' id='word_1_153' title='bbox 345 2394 620 2455; x_wconf 84' lang='lat' dir='ltr'><strong>quemque</strong></span> <span class='ocrx_word' id='word_1_154' title='bbox 639 2375 818 2455; x_wconf 85' lang='lat' dir='ltr'><strong>deoet,</strong></span> <span class='ocrx_word' id='word_1_155' title='bbox 829 2376 996 2479; x_wconf 41' lang='lat' dir='ltr'><strong>‘quod</strong></span> <span class='ocrx_word' id='word_1_156' title='bbox 1022 2376 1101 2439; x_wconf 89' lang='lat' dir='ltr'><strong>est</strong></span> <span class='ocrx_word' id='word_1_157' title='bbox 1120 2376 1391 2454; x_wconf 82' lang='lat' dir='ltr'><strong>cujusque</strong></span> <span class='ocrx_word' id='word_1_158' title='bbox 1425 2449 1437 2454; x_wconf 41' lang='grc'>-</span> 
     </span>
    </p>
   </div>
   <div class='ocr_carea' id='block_1_3' title="bbox 175 2458 1501 2543">
    <p class='ocr_par' dir='ltr' id='par_1_5' title="bbox 175 2458 1501 2543">
     <span class='ocr_line' id='line_1_27' title="bbox 175 2458 1501 2543; baseline -0.003 -21"><span class='ocrx_word' id='word_1_159' title='bbox 175 2459 330 2522; x_wconf 84' lang='lat' dir='ltr'><strong>suum</strong></span> <span class='ocrx_word' id='word_1_160' title='bbox 342 2462 602 2524; x_wconf 89' lang='lat' dir='ltr'><strong>maxime.</strong></span> <span class='ocrx_word' id='word_1_161' title='bbox 649 2461 843 2523; x_wconf 84' lang='lat' dir='ltr'><strong>suum</strong></span> <span class='ocrx_word' id='word_1_162' title='bbox 828 2464 999 2540; x_wconf 74' lang='lat' dir='ltr'><strong>xgitur</strong></span> <span class='ocrx_word' id='word_1_163' title='bbox 1008 2462 1240 2543; x_wconf 81' lang='lat' dir='ltr'><strong>quisque</strong></span> <span class='ocrx_word' id='word_1_164' title='bbox 1254 2458 1385 2519; x_wconf 86' lang='lat' dir='ltr'><strong>nos·</strong></span> <span class='ocrx_word' id='word_1_165' title='bbox 1494 2480 1501 2485; x_wconf 91' lang='lat'>·</span> 
     </span>
    </p>
   </div>
   <div class='ocr_carea' id='block_1_4' title="bbox 175 2547 1391 2630">
    <p class='ocr_par' dir='ltr' id='par_1_6' title="bbox 175 2547 1391 2630">
     <span class='ocr_line' id='line_1_28' title="bbox 175 2547 1391 2630; baseline -0.003 -19"><span class='ocrx_word' id='word_1_166' title='bbox 175 2548 583 2629; x_wconf 61' lang='lat' dir='ltr'><strong>etingeninm,</strong></span> <span class='ocrx_word' id='word_1_167' title='bbox 596 2568 887 2630; x_wconf 67' lang='lat' dir='ltr'><strong>utrmque</strong></span> <span class='ocrx_word' id='word_1_168' title='bbox 896 2547 952 2609; x_wconf 85' lang='lat' dir='ltr'><strong>se</strong></span> <span class='ocrx_word' id='word_1_169' title='bbox 962 2564 1019 2610; x_wconf 85' lang='lat' dir='ltr'><strong>et</strong></span> <span class='ocrx_word' id='word_1_170' title='bbox 1036 2552 1391 2611; x_wconf 79' lang='lat' dir='ltr'><strong>bonorumet</strong></span> 
     </span>
    </p>
   </div>
  </div>
 </body>
</html>
