1725 3042
264 0 431 12 -w-

359 162 481 227 116
627 166 756 223 DE
799 163 1357 223 AMICITIA

349 265 436 341 di,
457 264 606 347 quod
636 264 858 345 quidem
888 260 1179 324 senserim.
1156 263 1339 323 -uihil
1374 261 1573 324 audivi

351 372 516 413 exeo
529 350 662 431 ipse,
694 350 846 431 quod
868 350 1093 411 nollem.
1138 370 1253 408 una
1272 350 1491 410 domus
1516 370 1575 410 e-

351 455 466 513 rat,
479 438 624 499 idem
637 440 814 497 vietus
819 436 1007 517 ,isque
1019 438 1355 496 communis.
1386 457 1577 517 neque

353 522 528 584 solum
541 523 756 596 militia,
781 522 871 583 sed
886 524 1049 582 etiam
1062 525 1578 601 peregrinationes,

353 607 834 689 rusticationesque
845 628 1186 669 communes.
1205 629 1339 668 nam
1353 609 1507 688 quid
1518 631 1578 668 e-

353 716 430 777 go
459 696 526 755 de
547 694 735 755 studiis
757 694 933 757 dicam
954 692 1321 772 cognoscendi
1348 693 1577 776 semper

357 778 590 862 aliquid,
597 798 760 863 atque
772 779 1062 855 discendi,
1047 802 1105 839 m
1121 782 1347 859 quibus,
1362 784 1577 841 remoti
1693 780 1694 795 ¹

353 872 430 931 ab
447 869 628 929 oculis
655 868 870 949 populi,
892 888 1061 929 omne
1081 865 1323 927 otiosum
1346 884 1575 949 tempus

355 956 756 1021 contrivimus?
779 974 1011 1035 quarum
1039 974 1222 1013 rerum
1250 954 1575 1015 recordatio

357 1058 418 1101 et
431 1042 716 1115 memoria,
730 1040 768 1101 fi
783 1045 895 1100 uni
910 1060 1035 1101 cum
1051 1040 1149 1099 ino
1163 1038 1575 1115 occidiffetsses
1693 1058 1694 1081 ἒ

357 1124 608 1185 fidetium
637 1128 767 1201 conj
775 1126 1055 1189 unffissimi
1074 1140 1239 1204 atque
1266 1127 1574 1185 amantiffi·

359 1212 438 1271 mi
451 1212 558 1271 viri
573 1210 714 1270 ferre
727 1210 887 1270 nullo
896 1212 1067 1271 modo
1082 1210 1309 1291 poss'em.
1356 1209 1454 1273 sed
1469 1234 1574 1273 nec

358 1296 457 1357 illa
483 1298 726 1357 extinEka
753 1294 905 1373 sunt,
936 1298 1266 1376 alunturque
1288 1299 1487 1375 potius
1517 1314 1573 1357 et

363 1398 634 1460 augentur
654 1384 995 1461 cogitatione
1016 1385 1374 1444 etmemoria.
1422 1400 1505 1461 et,
1532 1382 1573 1443 fi

362 1468 472 1529 iuis
488 1468 650 1549 plane
663 1472 887 1528 orbatus
901 1469 1081 1544 essem,
1102 1489 1367 1547 magnum
1384 1486 1569 1531 tamen

363 1553 584 1617 afferret
597 1550 732 1615 milti
747 1570 893 1615 aetas
908 1554 1021 1636 ipsa
1036 1554 1287 1617 solatium
1306 1576 1323 1614 e
1357 1556 1567 1617 diutius

365 1642 512 1701 enim
528 1642 648 1719 jam
667 1643 727 1701 in
757 1644 867 1701 hoc
886 1641 1150 1703 desiderio
1170 1638 1271 1701 effe
1292 1661 1419 1701 non
1441 1642 1567 1723 pos·

365 1726 506 1789 sum.
570 1728 760 1787 omnia
787 1743 969 1787 autem
1000 1730 1185 1789 brevia
1203 1769 1222 1802 ,
1260 1728 1568 1790 tolerabilia

365 1812 471 1873 effe
485 1813 704 1886 debent,
725 1814 891 1873 etiam
902 1812 943 1872 fi
956 1834 1153 1890 magna
1166 1812 1292 1872 fint.
1324 1817 1459 1875 haec
1472 1818 1565 1875 ha·

367 1899 485 1972 bui,
501 1897 569 1957 de
583 1900 819 1959 amicitia
834 1918 973 1979 quae
986 1900 1239 1959 dicerem.
1262 1918 1371 1958 vos
1384 1917 1565 1962 autem

369 1987 589 2060 hortor,
610 2000 672 2045 ut
693 1985 768 2043 ita
791 1987 1053 2045 virtutem
1082 1984 1301 2058 locetis»,
1324 1982 1438 2045 fine
1458 2008 1563 2067 qua

369 2073 610 2131 amicitia
637 2070 741 2131 effe
763 2090 881 2130 non
904 2070 1101 2151 potest,
1122 2086 1208 2146 ut,
1228 2090 1291 2129 ea
1314 2090 1561 2157 excepta,

367 2156 510 2225 nihil
521 2158 756 2232 amicitia
769 2154 1133 2242 praestabilius
1160 2158 1395 2241 putetis.
