1725 3042
365 128 486 193 128
687 130 1343 192 PARADOXA.

359 228 522 306 teste,
560 250 684 293 cum
711 231 912 291 lucrari
944 232 1169 313 impune
1198 230 1412 312 posset,
1450 233 1570 295 auri

357 318 552 401 pondo
567 318 776 394 decem,
803 316 1096 379 reddiderit
1111 343 1128 378 z
1152 318 1193 379 fi
1215 318 1368 379 idem
1390 322 1451 380 in
1474 321 1566 381 de-

356 427 478 466 cem
510 406 748 465 millibus
777 403 970 485 pondo
1003 426 1122 465 non
1153 406 1297 467 idem
1329 406 1567 469 fecerit?

356 508 453 553 aut
479 508 873 572 temperantem
900 513 1049 567 eum,
1080 494 1178 572 qui
1206 490 1259 551 se
1289 494 1351 553 in
1385 494 1569 575 aliqua

353 578 584 639 libidine
606 580 973 653 continuerit,
1001 580 1060 637 in
1078 576 1260 659 aliqua
1275 577 1563 641 effuderit?

354 685 470 725 una
493 667 670 726 virtus
694 664 790 741 est,
816 662 1169 725 consentiens
1196 687 1321 726 cum
1347 669 1566 728 ratione

353 766 415 813 et
435 770 698 836 perpetua
727 749 1052 813 constantia.
1110 752 1249 811 nihil
1278 754 1411 815 huic
1440 752 1565 815 addi

353 842 556 923 potest,
579 862 694 923 quo
717 840 890 919 magis
914 840 1093 898 virtus
1115 836 1210 915 fitz
1236 840 1381 901 nihil
1398 838 1566 917 demi,

357 946 422 990 ut
435 930 658 991 virtutis
674 946 881 989 nomen
897 926 1260 1005 relinquatur.
1306 928 1515 989 etenim
1528 924 1569 991 fi

355 1015 657 1091 benefaeta,
681 1018 821 1075 redte
844 1012 983 1073 fasta
1006 1011 1153 1089 sunt,
1176 1031 1233 1074 et
1256 1014 1397 1076 nihil
1418 1020 1568 1074 resto

352 1105 554 1163 reetius
575 1125 592 1160 z
644 1118 790 1161 certe
821 1109 893 1159 ne
923 1102 1079 1160 bono
1113 1100 1337 1181 quidem
1368 1102 1567 1161 melius

266 1262 274 1269 ,
354 1187 657 1269 quidquam
679 1188 923 1253 inveniri
942 1184 1141 1268 potest.
1189 1183 1430 1269 sequitur
1460 1188 1569 1267 igi-

353 1290 470 1352 tur,
491 1290 555 1335 ut
586 1275 753 1335 etiam
779 1274 921 1334 vitia
948 1272 1057 1334 fint
1082 1275 1265 1353 paria:
1299 1272 1569 1355 fiquidem
1702 1312 1704 1367 ξ

351 1364 657 1447 pravitates
673 1362 842 1423 animi
858 1366 998 1420 redte
1011 1361 1148 1422 vitia
1164 1360 1444 1423 dicuntur.
1482 1377 1567 1421 at-

351 1452 454 1531 qui
485 1451 752 1531 quoniam
781 1468 940 1529 pares
971 1449 1206 1509 virtutes
1238 1444 1387 1523 sunt,
1422 1452 1570 1509 reete

351 1534 740 1615 fafla‚quando
757 1556 790 1594 a
803 1535 1102 1595 virtutibus
1120 1532 1567 1614 proficiscuntur,

353 1623 508 1705 paria
524 1620 623 1683 effe
639 1623 870 1685 debent:
896 1624 1137 1700 itemque
1156 1636 1396 1701 peccata,
1419 1642 1567 1701 quo·

353 1712 509 1770 niam
524 1730 597 1773 ex
619 1710 772 1773 vitiis
794 1725 1047 1782 manant,
1069 1706 1175 1767 fint
1198 1706 1445 1787 aequalia
1468 1728 1567 1767 ne·

353 1796 492 1859 cess‘e
519 1796 612 1859 est.
745 1801 797 1855 A
828 1792 1195 1875 philosophis,
1224 1795 1436 1872 inquiS,
1468 1792 1567 1855 ista
1588 1832 1615 1865 2

351 1880 544 1947 sumis.
589 1880 917 1957 metuebam,
942 1902 1014 1941 ne
1036 1902 1067 1939 a
1087 1880 1383 1939 lenonibus
1415 1880 1565 1941 dice-

353 1991 464 2031 res.
496 1977 742 2033 Socrates
759 1965 1065 2047 disputabat
1079 1964 1178 2026 isto
1194 1964 1389 2029 modo.
1421 1968 1569 2027 bene

352 2056 533 2120 hercle
550 2076 770 2119 narras:
791 2075 920 2113 nam
936 2052 1093 2117 istum
1110 2052 1332 2113 dofikum
1348 2067 1402 2113 et
1417 2049 1569 2135 sapi-

353 2159 540 2203 entem
571 2145 752 2203 virum
775 2138 951 2215 fuisse,
976 2141 1270 2203 memoriae
1293 2138 1569 2203 traditum

351 2228 448 2289 est.
482 2227 572 2288 sed
588 2245 772 2290 tamen
789 2248 995 2309 quaero
1011 2247 1082 2285 ex
1098 2242 1151 2289 te
1166 2223 1420 2305 <quando
1437 2250 1573 2289 ver-

323 2384 330 2389 ·
350 2316 438 2374 bis
460 2314 606 2373 inter
621 2336 727 2375 nos
745 2313 1155 2388 contendimus„
1188 2332 1309 2372 non
1324 2318 1571 2393 pugnis>

323 2468 330 2475 ‚
349 2414 536 2459 utrum
558 2402 724 2460 bonis
740 2400 815 2460 est
831 2397 1227 2479 quaerendum,
1252 2398 1384 2477 quid
1400 2401 1575 2479 baju-

322 2483 389 2569 „li
403 2500 568 2565 atque
584 2488 839 2568 operarii,
853 2507 926 2547 an
942 2486 1077 2569 quid
1090 2486 1344 2549 homines
1360 2483 1573 2551 doetis-
