1725 3042
377 98 493 197 164
665 120 1406 199 DEAM1c1T1A.

365 240 476 301 que
497 217 596 304 ipfi
618 242 738 283 non
759 224 1009 283 tribuunt
1028 223 1243 298 amicis,
1264 227 1409 283 haec
1422 227 1493 285 ab
1506 223 1571 283 iis

365 306 686 369 defiderant.
715 330 814 390 par
827 306 901 369 est
913 324 1114 383 autem,
1130 310 1383 388 primum
1398 309 1575 393 ipsum

365 392 470 454 ess'e
487 396 668 454 virum
697 397 928 469 bonum,
952 413 1067 455 tum
1086 394 1325 455 alterum
1344 395 1574 457 fimilem

361 476 444 539 sui
456 500 730 561 quaerere.
775 482 836 539 in
851 480 1047 540 talibus
1062 502 1143 555 ea,
1166 501 1331 559 quam
1340 482 1593 558 jamdu·-

361 564 496 625 dum
517 569 832 642 tractamus,
854 564 1109 625 stabilitas
1130 568 1407 627 amicitiae
1430 590 1571 629 con-

359 650 569 713 firmari
579 650 782 735 potest:
806 672 933 712 cum
952 652 1205 713 homines
1224 653 1571 714 benevolen-

363 737 444 798 tia
466 738 774 818 conjuncti,
801 740 1037 819 primum
1058 736 1459 817 cupiditatibus
1481 741 1570 817 iis,

1684 695 1686 797 Ν

362 828 566 905 quibus
579 822 1051 900 caeteriserviunt,
1072 825 1459 903 imperabunt:
1482 827 1573 887 de-
1684 838 1687 847 '

361 912 496 973 inde
507 913 775 992 aequitate
778 908 1093 990 justitiaque
1106 910 1571 987 gaudebuntpm-

361 998 567 1079 niaque
589 997 726 1057 alter
747 1017 852 1077 pro
876 994 1046 1056 altero
1076 993 1357 1075 suscipiet:
1384 1019 1569 1079 neque

361 1084 662 1163 quidquam
685 1102 933 1161 unquam
954 1080 1055 1141 nifi
1067 1080 1359 1141 honestum
1373 1100 1433 1143 et
1448 1105 1565 1143 rec-

359 1184 478 1229 tum
503 1168 638 1227 alter
658 1169 727 1226 ab
741 1168 916 1227 altero
939 1165 1221 1249 postulabit
1234 1187 1252 1224 ε
1278 1188 1465 1247 neque
1476 1166 1565 1229 so-

357 1252 474 1315 lum
487 1253 674 1314 colent
685 1255 834 1313 inter
848 1253 923 1328 st,
946 1274 1010 1314 ac
1020 1250 1273 1329 diligent,
1286 1250 1379 1313 sed
1394 1260 1565 1315 etiam

358 1343 717 1403 verebuntur.
765 1361 896 1399 nam
928 1340 1227 1399 maximum
1258 1360 1561 1401 ornamen-

355 1440 478 1487 tum
502 1428 766 1487 amicitiae
792 1424 967 1500 tollit,
989 1426 1086 1504 qui
1108 1445 1180 1485 ex
1202 1446 1265 1484 ea
1289 1426 1444 1486 tollit
1466 1448 1561 1487 ve-

358 1512 696 1573 recundiam.
733 1513 919 1590 itaque
942 1514 1003 1570 in
1029 1513 1097 1570 iis
1114 1511 1459 1590 perniciosus
1488 1512 1560 1574 est

355 1618 537 1676 error,
565 1600 662 1680 qui
681 1594 1013 1674 existimant,
1040 1596 1335 1658 libidinum
1364 1620 1559 1679 pecea-

355 1700 655 1766 torumque
692 1686 943 1744 omnium
988 1682 1172 1763 patei-e
1217 1684 1277 1743 in
1316 1688 1559 1746 amicitia

355 1770 660 1832 licentiam.
705 1772 978 1830 virtutum
1000 1771 1242 1828 amicitia
1260 1770 1511 1847 adjutrix
1526 1792 1558 1831 a

359 1872 558 1917 natura
591 1856 720 1915 data
749 1855 856 1931 est,
896 1876 1011 1915 non
1041 1856 1307 1915 vitiorum
1329 1877 1553 1915 comes:

355 1960 444 2021 ut,
475 1943 734 2025 quoniam
764 1940 1001 2001 solitaria
1024 1962 1143 2000 non
1172 1939 1349 2020 pulset
1377 1944 1552 2003 virtus

357 2032 430 2091 ad
467 2052 532 2091 ea
547 2073 568 2106 ‚
612 2048 752 2110 quae
795 2024 1003 2087 summa
1036 2025 1187 2102 sunt,
1228 2029 1553 2107 pervenire,

357 2118 658 2193 conjuncta
679 2129 734 2174 et
756 2111 1069 2173 consociata
1091 2133 1215 2173 cum
1236 2112 1409 2173 altera
1430 2135 1550 2195 per-

355 2204 604 2273 veniret3
629 2220 769 2278 quae
789 2196 828 2257 fi
851 2220 994 2277 quos
1024 2200 1169 2257 inter
1198 2196 1431 2259 societas
1461 2217 1551 2262 aut

360 2286 457 2363 est,
475 2302 570 2345 aut
591 2284 715 2359 fuit,
739 2298 833 2343 aut
847 2284 1029 2343 futura
1044 2281 1141 2358 est,
1160 2304 1355 2345 eorum
1369 2284 1445 2347 est
1456 2290 1548 2346 ha-

359 2370 570 2431 bendus
581 2370 646 2429 ad
664 2368 933 2429 summum
947 2384 1173 2429 naturae
1188 2372 1399 2431 bonum
1414 2373 1551 2453 opti-

355 2475 480 2515 mus
496 2452 922 2535 beatiffimusque
944 2456 1261 2517 comitatus.
1305 2459 1445 2520 haec
1458 2456 1544 2536 est,

1686 1103 1689 1309 Ι
