1725 3042
379 271 419 339 ‘4
695 261 820 319 DE
861 261 1289 322 OFFICIIS

375 383 463 439 ea,
473 380 612 442 quae
625 358 694 420 de
707 359 904 420 officiis
916 359 1118 421 tradita
1130 362 1199 420 ab
1210 358 1319 420 iuis
1332 377 1591 441 praecep·

373 463 434 507 ta
449 449 604 511 sunt·
630 446 780 506 nulia
793 450 943 507 enim
954 449 1101 508 vitae
1115 466 1268 527 pars,
1283 463 1465 524 neque
1477 467 1583 527 pu·

376 535 554 609 blicis,
581 553 760 613 neque
773 535 1030 614 privatis,
1052 554 1233 614 neque
1250 529 1583 610 forenfibus,

373 641 556 700 neque
571 617 907 680 domesticis
892 640 952 678 m
967 623 1127 680 rebus
1131 639 1335 699 ,neque
1346 616 1386 678 fi
1400 633 1583 680 tecum

372 727 501 784 agas
517 706 677 786 quid,
683 725 865 785 neque
878 704 918 766 fi
932 727 1059 766 cum
1072 706 1247 766 altero
1260 710 1581 781 contrahas,

363 813 568 853 -vacare
581 793 768 852 officio
781 791 987 873 potest3
1004 797 1065 853 in
1078 813 1257 873 eoque
1268 792 1503 854 colendo
1516 790 1585 852 fi-

279 937 284 944 .
369 879 669 941 taestvitae
679 877 930 938 honestas
946 881 1157 955 omnis,
1158 896 1217 939 et
1228 877 1580 957 innegligen·

369 965 450 1026 do
461 965 768 1046 turpitudo.
773 981 941 1046 atque
952 969 1087 1026 haec
1098 966 1319 1046 quidem
1334 963 1579 1046 quaestio

369 1053 688 1114 eommunis
710 1051 789 1113 est
815 1054 1065 1113 omnium
1094 1051 1575 1134 philosophorum·

369 1140 502 1219 quis
517 1137 590 1199 est
601 1143 772 1216 enim,
795 1140 897 1219 qni
910 1139 1077 1199 nullis
1092 1139 1265 1199 officii
1272 1141 1579 1221 praeceptis

367 1225 654 1285 tradendis
653 1269 676 1302 ,
690 1224 1078 1306 philosophum
1090 1224 1147 1285 se
1160 1224 1357 1286 audeat
1366 1225 1577 1286 dicere?

369 1310 463 1372 sed
476 1311 610 1372 sunt
623 1311 925 1372 nonnullae
936 1311 1269 1393 disciplinae,
1290 1331 1432 1392 quae
1442 1332 1579 1393 pro·-

369 1397 561 1480 pofitis
569 1401 852 1459 bonorum
866 1414 923 1458 et
934 1398 1205 1460 maloi-uni
1226 1399 1428 1458 finibus
1450 1398 1578 1458 offi-

369 1487 517 1544 cium
547 1505 713 1546 omne
733 1500 1061 1565 pervertunt
1079 1509 1097 1545 ε
1123 1507 1253 1546 nam
1269 1527 1289 1560 ,
1312 1487 1411 1564 qui
1430 1483 1577 1546 sum·

369 1592 525 1632 mum
547 1574 759 1631 bonum
771 1570 844 1632 fic
853 1571 1115 1649 instituit,
1134 1588 1201 1632 ut
1220 1571 1360 1632 nihil
1379 1574 1577 1633 habeat
1709 1629 1710 1632 ,

371 1681 498 1720 cum
513 1661 722 1720 virtute
735 1660 1121 1738 conjune'tumg
1136 1659 1301 1739 idque
1308 1657 1419 1719 suis
1426 1680 1577 1720 com.-

369 1747 576 1820 modis,
593 1766 713 1805 non
729 1744 1009 1806 honestate
1020 1746 1244 1806 metitur
1254 1768 1273 1819 ;
1297 1745 1411 1822 hic,
1424 1743 1467 1806 fi
1478 1744 1577 1806 fibi

369 1831 484 1912 ipse
497 1829 826 1907 consentiat,
845 1848 905 1892 et
920 1853 1041 1893 non
1054 1829 1333 1892 interdum
1346 1847 1576 1892 naturae
1702 1835 1704 1848 '

369 1919 624 1977 bonitate
635 1919 914 1995 vincatur,
932 1938 1113 2000 neque
1124 1919 1415 1978 amicitiam
1428 1918 1576 1980 cole·

370 2025 430 2064 re
445 2005 623 2084 possit,
647 2005 1041 2082 necjustitiam,
1063 2025 1165 2064 nec
1175 2003 1575 2066 liberalitatem

368 2091 534 2151 fortis
549 2111 710 2166 vero,
729 2090 979 2152 dolorem
994 2089 1259 2151 summum
1272 2089 1475 2152 malum
1478 2093 1575 2170 ju·

367 2178 562 2238 dicans
576 2201 596 2252 ;
613 2192 708 2238 aut
723 2191 1058 2258 temperans,
1073 2176 1415 2258 voluptatem
1428 2175 1574 2237 sum·

371 2283 524 2324 mum
553 2266 766 2324 bonum
793 2262 1034 2323 statuens
1050 2307 1070 2339 ‚
1108 2261 1212 2323 esse
1240 2279 1387 2323 certe
1418 2263 1577 2324 nullo

370 2349 540 2410 modo
555 2347 918 2429 potest.quae,
933 2369 1267 2430 quamquam
1280 2351 1359 2408 ita
1369 2347 1500 2409 sunt
1510 2352 1575 2410 in

370 2451 655 2516 promptu,
677 2450 740 2494 ut
759 2455 847 2494 res
870 2433 1235 2514 disputatione
1256 2455 1379 2495 non
1398 2452 1574 2516 egeat,

370 2520 500 2582 sunt
527 2535 710 2580 tamen
741 2541 774 2580 a
803 2521 967 2580 nobis
996 2521 1103 2580 alio
1126 2519 1254 2582 loco
1282 2519 1570 2602 disputata.

362 2611 472 2668 hae
483 2604 794 2688 disciplinae
807 2607 999 2686 igitur,
1015 2605 1054 2668 fi
1068 2605 1165 2669 fibi
1178 2605 1575 2674 constntaneae
