1725 3042
359 138 490 196 DE
535 120 1081 194 AMICITIA.
1279 152 1399 214 109

195 254 287 299 res
302 235 524 295 veritati
537 231 743 293 clausae
763 229 913 307 sunt,
934 247 1000 292 ut
1020 234 1089 291 ab
1109 232 1285 303 amico
1302 254 1401 293 ve·

195 342 320 383 rum
336 320 526 381 audire
537 312 963 398 nequeat‚hujus
975 316 1113 377 salus
1122 314 1405 397 desperan-

195 408 266 470 da
275 402 808 467 est.scitumestenim
816 404 953 464 illud
962 406 1221 465 Catonisz
1235 403 1255 437 ‘
1265 404 1406 465 mul·

196 493 220 527 ‘
244 510 306 553 to
321 491 516 553 melius
533 492 602 553 de
621 488 943 572 quibusdam
963 493 1193 552 acerbos
1214 492 1403 552 inimi-

197 578 220 611 ‘
237 600 344 640 cos
358 581 744 657 mereri,quam
758 598 856 637 eos
873 576 1403 657 amicos,qui'dulce³

198 664 222 699 ‘
245 664 557 726 videantur:
569 663 698 723 illos
712 684 907 723 verum
920 660 1072 742 saepe
1086 664 1287 740 dicere,
1297 668 1405 725 hos

199 750 222 783 ‘
248 752 578 828 nunquam?
621 763 788 827 atque
815 748 955 808 illud
985 747 1273 809 absurdum
1302 750 1399 825 est,

202 835 353 917 quod
377 838 440 910 ii,
479 835 576 914 qui
591 850 913 909 monentur,
936 854 1056 895 eam
1084 832 1408 911 molestiam,

207 942 376 1002 quam
389 921 590 983 debent
611 940 823 999 capere,
851 940 975 981 non
998 920 1253 1000 capiunt:
1289 941 1411 981 eam

204 1009 454 1088 capiunt,
459 1027 568 1089 qua
574 1005 777 1067 debent
789 1005 1247 1086 vacate.peccaffe
1259 1007 1411 1067 enim

207 1091 262 1155 se
293 1114 412 1153 non
442 1108 744 1171 anguntur,
778 1092 1057 1171 objurgari
1086 1090 1307 1154 moleste
1329 1090 1408 1153 fe-

206 1195 362 1240 runt:
388 1178 538 1259 qnod
555 1193 754 1239 contra
765 1182 1079 1257 oportebat,
1094 1178 1291 1240 delicto
1308 1178 1411 1239 do·

130 1281 199 1322 25
217 1266 354 1338 lere,
385 1267 726 1323 correctione
755 1264 1038 1337 gaudem·
1140 1270 1219 1321 Ut
1245 1267 1415 1339 igitur

218 1366 279 1408 et
301 1368 548 1421 monere,
571 1364 628 1405 et
651 1350 888 1422 moneri,
910 1348 1193 1427 proprium
1224 1346 1297 1407 est
1316 1369 1414 1408 ve·

215 1454 309 1495 rae
337 1433 640 1493 amicitiam
674 1447 731 1491 et
759 1431 987 1493 alterum
1021 1432 1189 1493 libere
1218 1432 1416 1511 facere,

215 1512 338 1582 non
361 1516 575 1600 aspere;
601 1518 828 1579 alterum
859 1521 1129 1599 patienter
1151 1520 1417 1602 accipere,

215 1627 339 1667 non
353 1619 718 1686 repugnanter
733 1627 750 1663 z
767 1602 837 1665 fic
851 1605 1163 1665 habendum
1175 1605 1273 1682 est,
1289 1606 1417 1667 nul·

216 1693 328 1753 lam
359 1692 421 1750 in
450 1691 702 1751 amicitiis
740 1686 940 1771 pestem
974 1690 1078 1751 effe
1114 1693 1419 1771 majorem,

216 1798 387 1859 quam
402 1775 792 1851 adulationem,
816 1776 1161 1854 blanditiam,
1186 1777 1421 1840 assenta-

217 1866 456 1925 tionem.
503 1864 752 1941 quamvis
779 1866 929 1925 enim
958 1864 1145 1925 multis
1176 1868 1421 1929 nomini·

216 1952 321 2011 bus
333 1947 409 2008 est
422 1950 529 2008 hoc
542 1950 738 2008 vitium
753 1949 1083 2026 notandum,
1098 1950 1303 2011 levium
1316 1954 1422 2012 ho-

218 2038 434 2097 minum
463 2050 626 2114 atque
654 2034 951 2110 fallacium,
983 2037 1053 2095 ad
1079 2036 1425 2117 voluptatem

217 2122 568 2202 loquentium
595 2122 805 2196 omnia,
845 2122 987 2181 nihil
1016 2120 1085 2181 ad
1112 2124 1421 2185 veritatem.

222 2228 354 2268 cum
376 2215 555 2279 antem
585 2208 836 2266 omnium
857 2228 1038 2270 rerum
1052 2206 1325 2269 fimulatio
1349 2208 1427 2271 est

219 2291 447 2368 vitiosa,
461 2292 640 2364 <tollit
655 2295 805 2353 enim
814 2294 1082 2372 judicium
1093 2296 1243 2370 veri,
1258 2295 1429 2372 idque

222 2378 524 2456 adulterat)
546 2395 664 2439 tum
680 2380 946 2439 amicitiae
967 2395 1235 2460 repugnat
1248 2380 1427 2437 maxi-

223 2484 317 2530 me
335 2486 352 2527 ε
373 2463 521 2529 delet
547 2467 697 2529 enim
722 2467 1035 2546 veritatem,
1054 2465 1167 2529 fine
1192 2482 1299 2545 qua
1320 2482 1431 2551 no-¹
