1725 3042
400 142 528 199 DE
577 144 1120 202 AMICITIA.
1280 162 1395 219 105

194 238 448 317 inquam,
470 237 722 314 societas,
747 241 808 299 in
838 261 951 320 qua
980 241 1171 301 omnia
1191 237 1403 315 insunt,

193 346 340 404 qnae
361 341 562 405 putant
589 328 842 385 homines
876 327 1204 407 expetenda,
1226 329 1403 385 hone-

193 410 326 484 stas»,
357 411 562 488 gloria,
601 410 971 493 tranquillitas
996 415 1201 488 animi,
1239 428 1403 492 atque

185 496 540 575 jucnnditasz
579 514 662 573 ut,
699 518 823 558 cum
853 502 986 559 haec
1015 498 1213 575 adfint,
1243 500 1404 559 beata

193 585 314 643 vita
341 582 427 658 fit,
449 600 504 642 et
531 582 640 643 fine
655 587 742 644 his
765 584 868 643 effe
888 606 1005 645 non
1022 584 1201 666 possit.
1248 584 1404 665 quod

193 691 324 729 cum
338 672 610 749 optimum
627 672 1039 749 maximumque
1052 669 1138 746 fit,
1159 669 1199 732 fi
1222 672 1280 732 id
1292 694 1401 732 vo-

193 754 382 835 lumus
397 754 654 835 adipisci,
689 758 888 815 virtuti
911 777 1079 836 opera
1093 755 1272 816 danda
1294 756 1367 817 est
1382 780 1401 817 ε

196 840 312 901 fine
341 862 452 920 qua
479 861 660 921 neque
688 842 1003 917 amicitiam,
1036 860 1213 921 neque
1233 842 1402 903 ullam

197 948 316 987 rem
331 927 694 1005 eitpetendam
717 924 980 1007 consequi
994 926 1289 1009 poss'umuS.
1338 950 1403 989 ea
1492 990 1500 1000 ,

195 1034 336 1074 vero
367 1014 632 1093 neglecta,
661 1011 836 1094 quise
857 1015 1061 1075 amicos
1085 1017 1283 1074 habere
1312 1034 1404 1075 ar-

196 1103 472 1161 bitrantur
487 1142 508 1176 ,
553 1116 672 1160 tum
700 1100 756 1160 se
783 1099 1021 1181 denique
1056 1099 1248 1161 erraffi:
1278 1099 1402 1161 sen-

197 1190 372 1263 tiunt,
409 1208 535 1247 cum
558 1208 656 1247 eos
678 1190 860 1265 gravis
888 1188 1085 1267 aliquis
1121 1186 1270 1247 casus
1301 1210 1403 1249 ex-

197 1274 366 1354 periri
397 1273 569 1349 cogit.
613 1274 875 1351 quocirca
902 1272 1225 1341 (dicendum
1246 1272 1321 1333 est
1342 1295 1403 1333 e·

198 1360 320 1419 nim
347 1355 600 1438 saepius)
629 1378 753 1417 cum
777 1357 1142 1435 judicaveris,
1179 1357 1405 1437 diligere

195 1461 445 1525 oportet:
463 1442 583 1503 non
600 1465 724 1503 cum
738 1444 1020 1520 dilexeris,
1032 1444 1296 1523 judicare.
1310 1444 1405 1505 sed

197 1552 328 1592 cum
351 1530 540 1591 multis
573 1533 634 1589 in
665 1534 828 1589 rebus
860 1531 1192 1608 negligentia
1213 1531 1403 1612 plecti-

197 1638 349 1679 mur:
363 1634 484 1677 tum
496 1618 734 1677 maxime
749 1618 810 1675 in
825 1618 1013 1676 amicis
1028 1634 1085 1676 et
1098 1616 1405 1696 deligendis

197 1719 258 1764 ct
293 1703 563 1764 colendis.
619 1702 977 1784 praeposteris
1012 1703 1161 1762 enim
1196 1706 1408 1763 utimur

200 1790 462 1865 consiliis,
483 1806 540 1849 et
569 1794 686 1849 aaa
706 1791 941 1869 agimus„
975 1790 1127 1869 quod
1155 1805 1408 1850 vetamur

199 1878 374 1938 veteri
389 1878 704 1957 proverbio.
752 1896 882 1937 nam
904 1876 1169 1957 implicati
1181 1877 1331 1936 ultro
1348 1891 1407 1935 et

201 1966 368 2039 citro,
388 1962 476 2023 vel
492 1959 588 2021 usu
601 1961 886 2037 diuturno,
902 1962 991 2020 vel
1006 1963 1167 2022 etiam
1184 1962 1407 2037 officiiS,

203 2066 426 2129 repente
439 2051 499 2107 in
516 2048 698 2109 medio
720 2046 875 2107 cursu
900 2048 1186 2125 amicitias,
1208 2064 1409 2107 exorta

136 2157 193 2201 23
211 2136 396 2215 aliqua
409 2132 736 2208 offenfione,
759 2134 1138 2213 dirumpimuS.
1276 2142 1407 2211 Quo

211 2223 376 2281 etiam
397 2223 569 2299 magis
589 2221 953 2301 vituperanda
975 2219 1047 2281 est
1068 2222 1147 2279 rei
1168 2222 1409 2281 maxime

201 2306 524 2369 neceffariae
555 2322 714 2367 tanta
741 2310 975 2367 incuria.
1023 2329 1137 2367 una
1158 2306 1233 2367 est
1254 2310 1407 2366 enim

201 2395 438 2455 amicitia
451 2394 514 2453 in
529 2394 690 2453 rebus
711 2395 965 2454 humanis
989 2393 1057 2453 de
1078 2394 1233 2471 cujus
1257 2392 1409 2450 utili·-

201 2494 320 2545 αῖς
333 2498 530 2547 omnes
551 2500 668 2544 uno
691 2500 790 2541 ore
805 2476 1179 2545 consentiunt.
1228 2474 1411 2558 qnan-
