1725 3042
1276 134 1395 201 ¹47

406 232 1200 415 SOMNIUM

229 529 779 659 SCIPI
839 526 1359 654 ONIS'-

346 784 663 845 scuto
707 782 1253 857 zoom-run.

203 996 344 1149 C
362 1010 415 1067 U
427 1011 491 1067 M
503 1002 577 1067 'in
594 997 838 1067 Africam
851 994 1138 1082 veniffem,
1152 1006 1260 1068 Μ’.
1280 1012 1405 1069 Ma-

383 1092 524 1155 nilio
539 1091 752 1156 consuli
769 1091 839 1153 ad
853 1108 1109 1173 quartam
1130 1092 1407 1173 legionem

196 1181 458 1242 tribunus
489 1178 582 1249 (ut
597 1180 777 1255 scitis)
808 1178 1083 1252 militum
1109 1183 1251 1243 nihil
1272 1178 1409 1245 mihi

195 1268 388 1349 potius
406 1266 532 1339 fuit,
553 1286 720 1347 quam
743 1282 807 1325 ut
824 1263 1175 1342 Mafiniss‘am,
1196 1290 1407 1331 conve·

196 1354 400 1429 nii-em,
437 1372 618 1431 regem
645 1350 883 1413 familiae
914 1350 1127 1413 nostrae
1146 1352 1309 1433 justis
1340 1356 1410 1416 de

193 1438 368 1504 cauas
406 1439 795 1502 amiciffimum.
845 1438 917 1499 ad
952 1460 1121 1520 quem
1152 1457 1215 1501 ut
1244 1444 1411 1522 veni,

193 1528 525 1611 complexus
547 1548 635 1589 me
658 1524 824 1587 senex
847 1524 1284 1608 collacrymavit,
1308 1532 1411 1591 ali..

197 1632 527 1698 quantoque
561 1613 678 1696 post
707 1612 946 1695 suspexit
975 1615 1033 1673 in
1064 1616 1272 1677 caelum
1297 1642 1313 1678 ε
1351 1633 1413 1679 et

193 1719 404 1785 grates,
425 1703 632 1783 inquit,
656 1702 756 1761 tibi
779 1722 910 1779 ago,
944 1698 1147 1763 flamme
1166 1704 1284 1783 Sol,
1307 1727 1415 1768 vo·

195 1790 385 1871 bisque
396 1790 593 1870 reliqui
608 1788 825 1849 caelites
830 1788 1005 1868 ‚quod
1016 1806 1145 1850 ante
1160 1814 1323 1872 quam
1339 1814 1413 1856 ex

189 1880 301 1939 hac
318 1878 434 1936 vita
449 1879 654 1955 migm,
677 1874 963 1957 conspicio
978 1878 1037 1935 in
1062 1900 1187 1940 meo
1212 1898 1410 1959 regne,

195 1980 253 2025 et
267 1966 356 2023 his
371 1964 526 2023 tectis
546 1970 604 2023 P.
627 1963 948 2025 Cornelium
964 1966 1299 2044 Scipionem,
1314 1990 1413 2027 cu·

187 2050 287 2130 jus
299 2070 402 2129 ego
417 2051 646 2110 nomine
661 2048 779 2129 ipso
797 2053 1113 2110 recreorzita
1122 2070 1413 2135 nunquam

193 2156 269 2197 ex
284 2139 474 2197 animo
490 2156 618 2197 meo
633 2135 861 2195 discedit
876 2134 1021 2195 illius
1031 2142 1227 2217 optimi
1244 2156 1415 2222 atque

193 2224 526 2284 invictissimi
549 2220 654 2282 viri
677 2225 963 2283 memoria.
1011 2224 1210 2289 deinde
1224 2246 1328 2308 ego
1344 2228 1414 2289 il.

193 2310 308 2371 lum
323 2311 393 2371 de
411 2306 506 2370 suo
525 2306 817 2387 regn03ille
831 2332 923 2370 me
934 2310 999 2370 de
1014 2306 1198 2375 nostra
1214 2318 1411 2394 repub·

191 2396 299 2458 lica
321 2412 678 2481 percontatus
693 2393 766 2457 est
782 2420 798 2457 2
825 2393 1117 2478 multisque
1132 2400 1313 2461 verbis
1332 2402 1415 2462 ul·

195 2500 287 2548 tro
303 2486 558 2568 citroque
572 2486 798 2560 habitis,
822 2484 915 2545 ine
932 2487 1097 2550 nobis
1114 2487 1409 2576 consump-

739 2578 796 2634 G
849 2590 887 2639 2
