1725 3042
410 164 711 223 LIBER
754 163 1128 221 PRIMUS.
1342 178 1373 236 5

166 259 275 323 ess'e
286 262 487 339 velint,
506 262 577 323 de
596 264 781 325 officio
794 262 933 323 nihil
947 278 1156 343 queant
1167 262 1344 323 dicere
1359 286 1378 323 ε

167 369 354 429 neque
368 350 479 411 ulla
490 348 655 411 officii
668 366 956 431 praecepta
969 350 1146 427 firma,
1155 348 1378 425 stabilia,

166 435 477 512 conjuncta
495 451 719 496 naturae
736 437 878 497 tradi
898 435 1148 517 poss'unt,
1167 434 1266 495 n-ifi
1287 452 1382 495 aut

169 522 329 581 abiis
345 524 440 602 qui
450 518 642 597 solam,
652 526 823 583 autab
834 524 905 581 iis
915 525 1014 603 qui
1025 525 1380 583 maximeho-

46 662 59 671 .
167 605 431 667 aestatem
457 624 689 688 propter
708 608 763 667 se
783 610 973 669 dicant
992 608 1376 689 expetendam.

164 693 355 773 itaque
382 694 711 774 propria-est
736 716 801 754 m
826 697 1136 776 praeceptio
1163 696 1380 755 stoico-

165 799 317 855 rum,
352 780 831 855 Academicorum,
860 782 1376 861 Peripateticorum.

165 868 441 945 quoniam
479 864 779 941 Aristonis,
809 868 1140 945 Pyrrhonis,
1181 866 1380 930 Herilli

155 951 283 1030 jam
294 952 505 1034 pridem
518 951 747 1033 explosa
762 951 1034 1015 sententia
1047 951 1156 1027 est;
1181 954 1280 1032 qui
1292 968 1378 1013 ta·

162 1058 297 1099 men
310 1040 677 1118 haberentjus
696 1038 855 1099 suum
869 998 1180 1121 disputandi
1197 1039 1267 1099 de
1288 1038 1378 1099 of·

158 1123 318 1202 ficio,
334 1124 381 1186 fi
395 1147 577 1187 rerum
590 1126 829 1207 aliquem
846 1126 1114 1187 delenitum
1128 1125 1378 1204 reliquis-

158 1208 451 1286 sent,utad
465 1213 633 1273 officii
640 1214 1028 1273 inventionem
1035 1213 1218 1273 aditus
1223 1210 1375 1273 effet.

158 1294 451 1377 stquemur
462 1300 631 1377 igitur
652 1302 761 1359 hoc
782 1299 1004 1377 quidem
1017 1314 1284 1379 tempore,
1317 1312 1380 1358 et

156 1386 271 1445 hac
298 1386 361 1445 in
391 1384 725 1465 quaestione,
770 1385 1104 1465 potiffimum
1133 1387 1381 1460 Stoicos,

159 1490 289 1529 non
318 1487 383 1533 ut
402 1473 769 1553 interpretem
802 1467 894 1531 sed
928 1469 1022 1543 (ut
1051 1468 1314 1546 solemus)
1343 1490 1379 1531 e

156 1556 415 1618 fontibus
434 1579 651 1633 eorum,
666 1558 880 1635 judicio
909 1559 1244 1637 arbitrioque
1265 1576 1376 1619 no·

158 1642 300 1717 stro,
323 1658 618 1723 quantum,
640 1663 866 1722 quoque
886 1643 1056 1703 modo
1066 1644 1378 1743 ‘videbitun

156 1731 495 1791 hauriemus.
511 1727 717 1810 placet'
702 1730 892 1807 igitur,
907 1732 1172 1809 quoniam
1189 1730 1375 1789 omnis

160 1814 459 1901 disputatio
474 1816 541 1877 de
556 1815 743 1875 officio
764 1816 952 1875 futura
971 1812 1069 1891 est,
1081 1828 1220 1875 ante
1241 1814 1373 1875 defi-

162 1903 311 1976 nire,
333 1901 467 1983 quid
488 1900 555 1961 fit
576 1902 859 1973 officium;
883 1900 1038 1980 quod
1057 1923 1089 1959 a
1113 1904 1375 1961 Panaetio

164 1986 587 2067 praetermissum
614 1985 715 2049 esse
742 1990 955 2049 miror:
989 1988 1172 2047 omnis
1201 1988 1376 2065 enim,

165 2092 308 2157 quae
320 2095 353 2133 a
368 2076 585 2134 ratione
600 2071 884 2155 suscipitur
898 2073 966 2133 de
982 2073 1164 2153 aliqua
1179 2093 1258 2149 re,
1282 2074 1378 2133 iu-

164 2156 375 2219 stitutio
404 2159 563 2221 debet
584 2182 617 2219 a
645 2159 965 2219 definitione
994 2156 1286 2239 proficisci,
1308 2176 1374 2221 ut

168 2245 524 2326 intelligatur,
544 2245 681 2327 quid
710 2244 777 2305 fit
804 2245 884 2321 id,
907 2244 978 2305 de
998 2264 1113 2323 quo
1135 2244 1370 2325 dispute-

122 2337 145 2381 3
163 2344 275 2393 tur.
379 2334 577 2393 Omnis
594 2331 663 2391 de
685 2332 872 2392 officio
887 2330 1094 2411 duplex
1108 2330 1180 2389 est
1201 2349 1370 2409 quae·

170 2414 299 2489 stin·
318 2438 491 2493 unum
503 2438 678 2496 genus
694 2416 769 2477 est
770 2416 960 2499 ‚quod
975 2419 1211 2497 pertinet
1231 2414 1300 2474 ad
1313 2413 1378 2475 fi.

172 2521 297 2567 nem
320 2506 633 2569 bonorum·
616 2546 637 2580 ,
662 2504 928 2579 alterum,
950 2501 1106 2582 quod
1134 2498 1376 2585 pofitum
