1725 3042
392 155 523 211 DE
568 151 1120 211 AMICITIA
1315 151 1392 210 83
1503 176 1508 180 ·

191 251 415 328 demus,
438 267 531 312 aut
546 251 617 311 de
631 252 829 354 quibus
852 253 1170 312 memoriam
1193 251 1402 328 accepi—

198 361 347 415 muz,
370 353 467 398 aut
480 359 627 418 quos
642 341 807 397 novit
820 339 938 397 vim
951 338 1284 398 communis.
1331 353 1406 393 ex

198 429 311 486 hoc
350 445 587 484 numero
634 427 803 485 nobis
844 424 1096 505 exempla
1145 419 1408 482 sumenda

198 510 359 572 sunt·
382 527 439 570 et
466 532 661 572 eorum
688 509 914 591 quidem
935 512 1194 586 maxime,
1215 510 1314 589 qui
1335 505 1405 566 ad

200 595 518 678 sapientiam
540 600 795 678 proxime
810 597 1102 657 accedunt.
1149 596 1404 656 videmus

200 691 407 764 Papum
424 683 719 744 Aemilium
737 690 813 742 C.·
824 681 1068 743 Luscino
1081 672 1406 743 familiai'em

199 768 477 844 fuissc,(fic
499 790 532 829 a
553 769 801 849 patribus
830 771 1104 848 accepimu
1112 773 1168 845 s)
1181 770 1266 828 bis
1295 787 1409 828 una

198 854 479 931 consules,
502 863 557 914 e't
582 853 821 932 collegas
846 856 912 914 in
937 853 1192 914 censura:
1217 870 1336 914 tum
1349 868 1407 912 et

202 963 329 1003 cum
342 944 437 1017 iis,
458 957 515 1000 et
526 943 675 1003 inter
690 939 743 1000 se
756 941 1216 1020 conjunfflssirnos
1231 940 1408 1016 fuiss‘e,

202 1031 312 1089 Μ’.
346 1029 599 1103 Curium,
634 1042 693 1088 et
721 1033 805 1088 T.
824 1028 1260 1101 Coruncanium,
1291 1047 1406 1086 me-

176 1117 411 1176 ·moriae
430 1114 710 1196 proditum
734 1113 831 1176 est.
878 1116 1046 1192 igitur
1069 1135 1142 1173 ne
1155 1111 1408 1195 suspicari

200 1202 427 1282 quidem
439 1201 741 1282 possumus,
762 1221 1096 1281 quemquam
1116 1206 1316 1262 horum
1339 1202 1408 1260 ab

172 1335 179 1340 .
198 1291 381 1348 amico
392 1290 676 1368 quippiam
688 1286 1196 1365 contendiffe,quod
1211 1302 1410 1348 contra

176 1415 189 1422 -
200 1373 391 1447 fidem,
412 1385 611 1432 contra
618 1372 1036 1450 jusjurandum,
1049 1388 1248 1432 contra
1263 1393 1414 1432 rem-

201 1460 474 1542 publicam
484 1456 637 1518 effet.
684 1479 817 1520 nam
835 1462 946 1518 hoc
969 1459 1190 1537 quidem
1206 1462 1265 1519 in
1281 1459 1415 1519 tali--

203 1551 307 1608 bus
336 1547 477 1607 viris
502 1544 639 1626 quid
660 1546 859 1605 attinet
883 1545 1090 1607 dicere?
1115 1545 1156 1606 fi
1170 1551 1410 1606 conten-

202 1631 383 1708 diffet,
396 1629 509 1692 scio
520 1634 940 1712 impetraturum
955 1653 1074 1692 non
1089 1631 1264 1708 fuisse3
1283 1653 1408 1694 cum

202 1720 285 1780 illi
313 1717 618 1780 sanfflffimi
642 1719 751 1778 viri
772 1716 1004 1778 fixerintz
1029 1739 1200 1799 aeque
1227 1735 1410 1778 autem

204 1805 359 1868 nefas
380 1803 467 1882 fit,
488 1804 599 1864 tale
626 1803 916 1884 aliquidet
933 1805 1108 1867 facere
1131 1819 1410 1885 rogatum,

202 1908 262 1954 et
276 1913 489 1970 rogare.
520 1907 579 1954 at
590 1911 727 1953 vero
740 1893 882 1952 Tib.
901 1897 1208 1954 Gracchum
1223 1892 1410 1972 seque-

202 1983 405 2042 bantur
434 1985 505 2041 C.
540 1981 743 2054 carbo,
768 1983 837 2038 C.
873 1983 1039 2055 Cato,
1061 1996 1116 2039 et
1146 1981 1410 2040 minimus

204 2084 324 2127 tum
338 2066 561 2147 quidem
574 2067 741 2127 Caius
750 2064 919 2124 frater
922 2087 1096 2139 ,nunc
1107 2067 1253 2126 idem
1269 2085 1414 2126 acer-

139 2170 189 2208 12
204 2153 400 2212 rimus.
502 2159 653 2214 Haec
668 2153 840 2230 igitur
856 2151 952 2212 lex
963 2153 1025 2214 in
1042 2154 1280 2215 amicitia
1294 2152 1416 2213 san-

201 2241 403 2311 ciatur,
426 2255 489 2298 ut
502 2259 685 2319 neque
698 2257 956 2315 rogemus
973 2256 1285 2320 res-tumea,
1307 2261 1416 2300 nec

200 2326 467 2386 faciamus
498 2328 697 2403 rogati.
745 2327 926 2404 turpis
954 2329 1104 2387 enim
1133 2325 1420 2386 excusatio

172 2457 180 2464 «
203 2409 302 2485 est,
312 2427 369 2470 et
382 2413 607 2472 minime
620 2411 958 2491 accipienda,
971 2435 1098 2476 cum
1113 2415 1172 2471 in
1187 2414 1416 2472 caeteris

203 2499 467 2584 peccatis,
490 2512 609 2563 tum
623 2495 663 2560 fi
678 2498 805 2578 quis
820 2515 1016 2563 contra
1030 2499 1418 2582 rempublicam.
