1725 3042
361 154 654 215 met
699 152 1159 211 TER'rms,
1280 142 1419 225 '177

197 254 314 319 sed
321 252 484 330 illud,
502 252 732 335 poffitne
745 252 983 333 id,quod
996 252 1134 313 utile
1146 248 1427 327 videatur,

201 343 333 405 fieri
347 362 470 402 non
485 342 741 421 turpiter.
787 362 915 400 cum
938 340 1227 401 Collatino
1250 338 1426 399 eolle-

207 450 318 508 gae
331 436 536 489 Brutus
551 428 842 506 imperium
857 428 1179 505 abrogabat,
1202 438 1429 505 poterat

207 516 392 577 videri
406 514 588 573 faeere
601 512 658 572 id
673 511 1077 590 injustetfuera't
1088 514 1241 571 enim
1256 513 1317 570 in
1332 532 1427 571 re·

209 604 376 681 gibus
391 598 736 680 expellendis
751 596 933 659 socius
954 602 1139 675 Bruti,
1160 596 1423 659 confilio-

207 710 338 749 rum
359 689 527 747 etiam
547 685 806 764 adjutorz
839 706 970 747 cum
994 701 1177 745 autem
1198 682 1423 745 confili-

205 794 308 835 um
319 778 432 834 hoc
446 774 724 857 prineipes
741 769 1428 851 cepiffent,cognationem

207 862 472 942 Superbi,
507 879 830 938 nomenque
852 858 1297 937 Tarquiniorum
1310 900 1330 933 ,
1362 872 1427 916 et

207 948 536 1007 memoriam
551 947 708 1023 regni
723 944 828 1004 effe
841 943 1171 1017 tollendam3
1190 944 1423 1023 quod-e·

208 1049 300 1094 rat
311 1032 448 1093 utile
461 1034 670 1113 patriae
685 1029 993 1106 consulere,
1014 1030 1071 1089 id
1088 1046 1205 1090 erat
1218 1032 1298 1089 ita
1312 1034 1418 1091 ho·-

207 1119 446 1195 nestum,
485 1134 550 1179 ut
571 1120 737 1178 etiam
769 1116 868 1197 ipsi
892 1116 1179 1177 Collatino
1200 1119 1417 1197 placere

207 1206 648 1285 deberet.itaque
658 1205 871 1265 utilitas
878 1204 1057 1264 valuit
1068 1220 1297 1284 propter
1310 1208 1415 1265 ho-

209 1292 496 1366 nestatem,
517 1291 632 1351 fine
645 1312 758 1370 qua
772 1312 844 1351 ne
857 1290 1070 1349 utilitas
1094 1290 1319 1370 quidem
1334 1286 1413 1349 es·

209 1378 268 1445 se
281 1377 558 1459 potuisset.
577 1394 636 1438 at
647 1379 710 1437 in
725 1398 796 1437 eo
807 1379 1055 1457 rege,qui
1066 1380 1258 1436 urbem
1274 1398 1413 1439 con-

207 1465 378 1541 didit,
399 1486 522 1525 non
545 1465 624 1523 ita
637 1487 656 1525 τ
681 1461 889 1544 species
908 1465 1056 1523 enim
1079 1464 1335 1525 utilitatis
1353 1484 1412 1523 a·

208 1554 427 1613 nimum
443 1550 652 1631 pepulit
665 1552 786 1629 ejus
801 1574 822 1624 3
847 1553 937 1609 cui
954 1572 1079 1611 cum
1094 1548 1271 1611 visum
1286 1548 1417 1611 effet

209 1638 408 1697 utilius
429 1635 630 1711 solum,
657 1657 820 1715 quam
843 1658 969 1697 eum
992 1638 1191 1711 altero,
1214 1655 1413 1713 regna-

211 1744 296 1798 re,
319 1724 542 1783 fratrem
557 1724 856 1783 interemit.
904 1722 1085 1783 omifit
1106 1724 1197 1781 hic
1220 1737 1277 1781 et
1296 1724 1417 1803 pie·

211 1825 384 1871 tatem
399 1826 456 1870 et
469 1812 889 1886 humanitatem,
912 1824 976 1869 ut
998 1809 1078 1884 id,
1102 1806 1257 1890 quod
1278 1810 1417 1873 utile

208 1896 502 1959 videbatur
523 1918 706 1977 neque
727 1911 869 1971 erat,
892 1895 1095 1976 affequi
1116 1894 1309 1977 poffiet.
1356 1912 1417 1957 et

210 1998 396 2045 tamen
425 1986 571 2045 muri
593 1982 826 2045 eauffam
850 1980 1130 2063 opposuit,
1176 1980 1417 2063 speciem

208 2069 506 2137 honestatis
522 2090 704 2152 neque
718 2070 1061 2149 probabilem
1065 2089 1269 2147 ,neque
1283 2068 1417 2129 satis

206 2156 498 2219 idoneam:
525 2158 776 2238 peccauit
799 2158 989 2233 igitur,
1014 2176 1148 2235 pace
1163 2155 1255 2214 vel
1272 2159 1417 2233 Qui-

207 2245 318 2311 rini
331 2245 420 2305 vel
437 2244 662 2305 Romuli
677 2243 934 2303 dixerim.
982 2263 1087 2301 nec
1106 2258 1293 2302 tamen
1306 2264 1421 2304 no·

205 2328 343 2392 ffiae
357 2333 524 2391 nobis
541 2330 807 2389 utilitates
824 2329 1167 2389 omittendae
1182 2326 1329 2403 sunt,
1352 2350 1420 2387 a-

206 2416 400 2496 liisque
415 2415 737 2491 tradendae,
761 2414 885 2474 cum
900 2414 1101 2494 hisjpfi
1116 2434 1369 2491 egeamus
1387 2436 1420 2485 γ

207 2501 304 2575 sed
319 2501 446 2570 suae
468 2504 670 2585 cuique
690 2502 955 2577 utilitati,
964 2500 1121 2581 quod
1138 2498 1250 2559 fine
1272 2498 1427 2560 alte?-
