1725 3042
351 172 482 232 DE
531 170 1077 231 AMICITIA.
1263 187 1377 233 101

183 277 394 338 micitia
415 294 606 357 parum
630 272 830 352 justus.
879 290 1043 355 atque
1062 275 1125 333 in
1148 273 1305 333 omni
1326 294 1386 333 re

185 361 640 423 considerandum
669 359 767 435 est,
788 376 865 436 et,
888 360 1023 439 quid
1051 358 1299 441 postules·
1319 360 1389 419 ab

97 464 164 501 21
187 450 390 525 amice,
411 464 467 507 et
481 447 612 527 quid
627 448 832 527 patiare
847 468 881 505 a
895 463 949 506 te
961 447 1262 528 impetrari.
1295 444 1390 505 Est

185 537 352 595 etiam
365 532 512 615 quati
525 532 788 614 quaedam
805 532 1077 593 calamitas
1088 536 1149 592 in
1165 532 1399 592 amiciti-.

187 623 236 680 is
263 621 602 681 dimittendis
633 640 1043 699 nonnunquam
1068 616 1387 679 necessaria

183 708 303 786 jam
317 710 464 767 enim
479 728 510 765 a
525 704 848 785 sapientium
861 704 1311 763 fmmliaritatibus
1322 702 1393 763 ad

185 793 440 871 vulgares
473 792 736 850 amicitias
765 792 946 849 oratio
978 788 1163 850 no'stra
1190 789 1392 850 delabi·

188 894 308 939 tur.
330 892 624 957 erumpunt
637 874 790 957 saepe
802 879 941 936 vitia
952 878 1252 937 amicorum
1266 896 1395 937 cum

189 966 256 1025 in
271 962 418 1045 ipsos
433 965 664 1038 amicos,
679 978 798 1023 tum
812 965 874 1023 in
888 963 1096 1023 alienos
1112 985 1131 1037 3
1156 984 1399 1043 quorum

191 1067 383 1111 tamen
407 1050 476 1111 ad
499 1052 702 1111 amicos
725 1048 995 1110 redundet
1018 1048 1261 1110 infamia.
1310 1065 1394 1109 ta-

191 1138 274 1198 les
297 1140 464 1217 igitur
491 1138 760 1198 amicitiae
787 1134 915 1195 sunt
944 1136 1246 1196 remiffione
1267 1134 1395 1197 usus

191 1224 480 1297 eluendae,
499 1238 556 1281 et
577 1220 669 1292 (ut
693 1228 966 1282 Catonem
987 1223 1163 1282 dicere
1180 1222 1397 1301 audivi)

193 1307 503 1367 dissuendae
517 1310 686 1383 magis
689 1350 711 1381 ‚
726 1326 888 1385 quam
902 1305 1297 1367 discindendae=
1316 1309 1399 1367 ni-

194 1392 240 1454 fi
261 1393 522 1474 quaedam
543 1392 836 1453 admodum
867 1393 1227 1454 intolerabilis
1248 1393 1400 1471 inju-

189 1481 282 1540 -ria
293 1478 576 1555 exarserit,
590 1495 654 1539 ut
669 1500 846 1559 neque
859 1484 1085 1557 rectum,
1102 1499 1278 1561 neque
1292 1482 1399 1540 ho·

197 1565 410 1627 nestum
422 1564 510 1643 fit,
533 1586 710 1646 neque
731 1564 850 1625 fieri
870 1566 1050 1647 possit‚
1069 1582 1131 1625 ut
1154 1588 1275 1625 non
1296 1566 1399 1627 sta-

199 1655 304 1713 tim
327 1652 1019 1731 alienatio'disjunffioque
1046 1652 1292 1711 facienda
1308 1652 1396 1714 fit.

200 1738 281 1799 fin
297 1754 478 1798 autem
491 1753 826 1813 morum,aut
840 1737 1141 1797 studiorum
1154 1758 1401 1800 commu-

201 1827 343 1885 tatio
372 1823 639 1905 quaedam
667 1819 762 1891 [ut
779 1822 901 1882 fieri
921 1823 1085 1899 solet]
1114 1822 1253 1883 facta
1274 1828 1405 1903 erit,

201 1912 372 1971 autin
385 1909 704 1997 reipublicae
717 1912 961 1989 partibus
973 1908 1215 1969 dissenfio
1229 1914 1403 1971 inter-

203 1993 440 2071 cefl’erit‚
468 1995 704 2075 [loquor
726 1998 898 2071 enim,
921 2011 985 2053 ut
998 1996 1161 2075 paulo
1178 2012 1303 2055 ante
1318 1997 1402 2057 di-

201 2084 292 2156 xi,
315 2102 434 2141 non
453 2081 524 2139 de
545 2078 892 2160 sapientium,
914 2080 1001 2139 sed
1013 2081 1081 2140 dc
1096 2084 1404 2141 communi-

204 2171 310 2229 bus
325 2168 604 2242 amicitiis]
627 2167 933 2226 cavendum
947 2168 1072 2243 erit,
1096 2187 1167 2225 nc
1180 2189 1298 2227 non
1317 2167 1405 2231 so·

205 2253 322 2313 lum
351 2253 620 2311 amicitiae
648 2250 938 2331 depositae,
975 2251 1061 2313 sed
1091 2255 1406 2315 inimicitiae

205 2342 370 2400 etiam
379 2336 648 2419 susceptae
659 2338 1113 2399 videantur.nihii
1125 2343 1272 2399 enim
1286 2356 1405 2401 tur·

208 2428 359 2506 pius,
383 2444 550 2505 quam
577 2444 702 2484 cum
733 2445 801 2483 eo
821 2424 1023 2484 bellum
1051 2446 1257 2502 gerere,
1281 2427 1407 2503 qui·

205 2532 338 2573 cum
351 2508 684 2573 familiariter
701 2511 932 2571 vixeris.
978 2512 1047 2571 ab
1068 2511 1305 2571 amicitia
1328 2519 1400 2590 Q.
