1725 3042
313 176 606 239 LIBER
651 180 1163 239 SECUNDUS.
1278 192 1401 255 853

173 280 384 341 tium?
407 279 428 313 ‘
452 278 592 340 male
620 278 891 365 pascet-est
936 280 1071 362 quid
1100 278 1399 361 quartum?

173 366 204 401 ‘
223 388 406 429 arare.
413 368 508 425 ’et
523 386 649 429 eum
660 366 772 443 isse,
786 388 885 448 qm
867 365 1213 447 quaesierat,
1232 364 1409 425 dixis·

175 452 288 529 set,
309 452 446 533 quid
459 452 758 513 foenerari.
745 412 772 497 θ’
793 470 912 515 tum
930 459 1095 529 Cat0,
1112 452 1286 533 ‘quid
1295 455 1403 513 ho·

176 540 442 600 ‘minem
458 583 478 615 ,
499 539 685 621 inquit
701 583 723 617 ,
765 540 1016 601 occidere
1028 541 1103 601 f’
1124 558 1198 599 ex
1212 558 1327 619 quo
1344 554 1405 599 et

172 626 372 688 multis
385 625 504 685 aliis
515 626 746 705 intelligi
758 625 1241 701 debet‚utilitatum
1250 646 1403 687 com-

171 715 500 794 pasatitmes
532 711 652 773 fieri
681 710 875 787 solere,
898 716 1151 793 reeteque
1168 717 1278 773 hoc
1301 712 1401 771 ad·

163 801 239 879 ju
245 803 434 861 netum
447 796 550 859 effe
564 814 826 879 quartum
837 797 1307 879 exquirendorum
1314 798 1403 859 ΘΒ

171 886 435 946 ficiorum
455 906 654 964 genus.
701 884 793 945 sed
815 898 942 946 toto
964 888 1075 945 hoe
1096 882 1165 944 de
1176 904 1399 963 genere,

169 973 252 1033 de
287 972 637 1053 quaerenda,
673 969 742 1032 de
771 971 1096 1033 collocanda
1132 973 1399 1051 pecunia,

170 1062 348 1121 etiam
363 1058 430 1118 de
443 1059 666 1134 utenda,
673 1058 1018 1119 commodius
1034 1078 1065 1117 a
1078 1054 1398 1138 quibusdam

171 1145 410 1229 optimis
429 1146 568 1205 viris
587 1144 660 1207 ad
673 1144 914 1206 medium
936 1152 1139 1222 Janum
1160 1140 1397 1205 sedenti}-

171 1235 320 1306 b'us,
356 1251 522 1312 quam
549 1233 618 1291 ab
645 1230 768 1291 ullis
798 1229 1139 1312 philosophis
1176 1229 1343 1290 ulla
1325 1252 1391 1290 m

177 1316 366 1378 schola
368 1316 725 1399 ,disputatum
743 1316 873 1379 sunt
886 1334 1071 1378 tamen
1084 1336 1147 1376 ea
1160 1314 1398 1395 eognos

176 1402 388 1465 cenda·
371 1426 388 1463 ι
415 1405 700 1485 pertinent
725 1405 876 1464 enim
896 1402 964 1464 ad
985 1402 1299 1479 utilitatem,
1322 1401 1409 1462 de·

178 1511 294 1571 qua
308 1494 416 1550 hoc
429 1490 574 1551 libro
588 1488 920 1572 disputatum
932 1488 1027 1554 est.
1076 1489 1282 1571 reliqua
1295 1488 1391 1551 dee

177 1579 375 1660 inceps
398 1573 797 1660 persequemur.
