1725 3042
447 108 1107 179 PARADOXA.
1312 135 1430 199 κῃ

227 221 403 295 xime,
424 238 552 279 cum
566 238 744 278 meam
759 216 985 279 salutem
1000 216 1214 279 senatus
1229 224 1437 283 exteris

231 306 578 381 nationibus,
601 320 664 363 ut
687 307 824 365 civis
842 307 1064 387 optimi,
1087 307 1437 367 commenda-

217 396 350 469 bat.
383 408 468 465 tu,
485 412 556 450 ne
573 412 724 451 nunc
741 392 992 472 quidem:
1018 391 1119 451 nifi
1132 392 1277 453 forte
1290 392 1440 455 idem

229 478 338 539 effe
351 476 543 565 hostia,
565 492 621 536 et
635 480 771 537 civis
786 476 981 559 potest.
1015 500 1085 539 an
1101 495 1159 541 tu
1175 482 1351 541 civem
1368 483 1439 565 εῴ

229 562 386 627 hoste
401 580 597 625 natura
613 586 675 623 ac
689 564 964 641 loco,non
977 568 1162 626 animo
1178 564 1439 649 faelisque

229 650 547 729 distinguis?
580 651 799 711 caedem
813 653 877 711 in
891 650 1015 711 foro
1031 650 1230 713 fecisti:
1264 676 1439 715 arma·

232 741 308 799 tis
318 737 625 798 latronibus
638 738 842 819 templa
853 738 1091 797 tenuisti:
1094 740 1441 819 privatorum

230 826 433 887 domos
437 868 457 900 ‚
474 822 628 883 aedes
641 821 814 885 sacras
830 822 1137 884 incendisti.
1166 846 1263 885 cur
1272 824 1440 887 hostis

231 920 550 993 Spartacus,
566 906 606 969 fi
625 927 685 969 tu
700 911 869 969 civis?
886 926 1048 991 potes
1064 928 1247 971 autem
1262 909 1363 971 effe
1378 928 1441 973 tu

228 998 374 1057 civis
376 1012 624 1077 ,propter
640 1018 801 1076 quem
812 995 1107 1076 aliquando
1118 999 1312 1057 civitas
1322 1020 1444 1061 nou

233 1083 430 1145 fuit-’et
443 1104 530 1144 me
546 1099 646 1143 tuo
663 1086 892 1144 nomine
909 1082 1303 1165 appefla8,cum
1320 1107 1443 1147 om-

233 1191 339 1231 nes
349 1192 473 1229 meo
482 1168 699 1231 discessu
707 1168 941 1232 exulaffie
951 1172 1335 1253 rempublicam
1344 1194 1443 1253 pu·

235 1258 390 1317 tent?
408 1276 784 1337 nunquamne,
808 1261 979 1318 homo
997 1260 1365 1332 amentiffime,
1390 1273 1447 1317 te

235 1342 663 1425 circumspicies?
689 1364 1069 1425 nunquamne,
1090 1342 1222 1423 quid
1243 1342 1408 1403 facias
1426 1386 1448 1420 ‚

237 1428 727 1505 confiderabis,nec
741 1430 875 1510 quid
889 1430 1021 1511 loqu
1027 1450 1117 1489 are
1124 1428 1445 1505 ?nescis,ex-

236 1518 396 1579 ilium
418 1514 674 1578 scelerum
696 1515 796 1577 effe
819 1518 1085 1598 poenam?
1109 1538 1289 1578 meum
1310 1516 1447 1577 illud

231 1606 346 1667 iter
359 1605 432 1663 ob
439 1602 881 1685 praeclasiffimas
904 1625 993 1663 res
1008 1624 1041 1661 a
1053 1622 1141 1663 me
1155 1601 1324 1682 gestas
1340 1600 1445 1663 effe

239 1686 572 1770 susceptum?
603 1709 798 1749 omnes
823 1687 1061 1751 scelerati
1084 1705 1248 1769 atque
1262 1690 1441 1769 impii,

236 1797 481 1859 quorum
496 1794 558 1837 tu
574 1792 628 1836 te
649 1776 845 1851 ducem
858 1774 962 1837 effe
981 1774 1276 1857 profiteris,
1301 1794 1444 1855 quos

237 1863 386 1941 leges
399 1863 568 1923 exilio
584 1864 728 1923 affici
738 1862 965 1939 volunt,
978 1862 1165 1923 exules
1180 1860 1329 1937 sunt,
1344 1863 1445 1921 eti·

242 1971 332 2011 am
347 1946 387 2009 fi
401 1946 574 2010 solum
596 1970 716 2010 non
736 1964 1044 2009 mutarunt.
1091 1970 1163 2009 an
1182 1968 1305 2008 cum
1322 1968 1445 2009 om-

241 2057 348 2098 nes
363 2034 511 2115 leges
525 2052 582 2097 te
596 2037 810 2097 exulem
823 2034 1186 2115 effejubeant,
1203 2055 1321 2093 non
1338 2035 1447 2095 eris

243 2139 309 2185 tu
339 2122 469 2183 exul
487 2123 510 2181 ?
546 2146 680 2184 num
710 2120 1013 2203 appellatur
1043 2122 1325 2197 inimicus,
1349 2123 1448 2201 qui

241 2230 372 2289 cum
387 2208 500 2269 telo
516 2208 708 2269 fuerit?
726 2222 853 2269 ante
868 2205 1115 2267 senatum
1129 2223 1223 2269 tua
1236 2206 1341 2269 fica
1354 2208 1451 2267 de·

239 2293 508 2379 prehensa
522 2296 614 2359 est.
663 2298 760 2375 qui
774 2296 1057 2355 hominem
1070 2293 1361 2356 occiderit?
1388 2308 1450 2353 tu

239 2383 514 2465 plurimos
535 2381 795 2443 occidisti.
844 2381 942 2461 qui
962 2380 1282 2441 incendium
1308 2376 1447 2437 fece-

245 2470 320 2533 rit
327 2469 354 2547 ἓ,
373 2468 530 2533 aedes
555 2470 941 2553 Nympharum
967 2487 1138 2533 manu
1166 2481 1261 2529 tua
1282 2463 1450 2527 defla-
