1725 3042
309 132 430 191 108
603 130 738 190 DE
783 126 1360 187 AMICITIA.

303 226 392 288 sus
409 229 700 302 amicitiae,
724 227 1037 307 multaeque
1052 222 1238 285 causae
1253 222 1561 305 suspicio·

309 336 444 375 num
474 312 949 392 offensionumque
974 312 1207 371 dantur-2
1232 330 1391 389 quas
1420 329 1563 373 tum

305 402 538 476 evitare,
560 416 680 459 tum
695 398 929 473 elevare,
946 413 1064 457 tum
1077 396 1241 471 ferre,
1256 394 1565 476 sapientis

311 485 408 547 est.
439 507 550 545 una
565 484 660 543 illa
673 482 1005 544 sublevanda
1018 480 1251 541 offenfio
1266 481 1375 557 est,
1408 501 1485 544 ut
1500 500 1565 543 et

311 571 524 633 utilitas
553 572 616 629 in
644 570 883 631 amicitia
895 614 915 645 ,
953 585 1009 628 et
1028 567 1163 628 fides
1194 569 1559 637 retinffltur.

313 678 446 719 nam
461 670 518 717 et
531 656 798 717 monendi
820 656 983 715 amici
1006 654 1160 734 saepe
1173 651 1330 729 sunt,
1352 671 1429 715 et
1444 658 1559 716 ob-

311 742 576 823 jurgandi
593 766 612 821 z,
637 760 691 803 et
705 747 838 803 haec
851 739 1167 821 accipienda
1182 740 1391 815 amice,
1418 763 1561 803 cum

319 829 592 889 benevole
607 829 768 889 fiunt.
816 826 907 887 sed
925 823 1107 886 nescio
1125 826 1437 903 quomodo
1454 849 1558 888 ve-

321 936 448 975 rum
461 912 557 992 est,
580 914 732 996 quod
751 916 816 974 in
832 911 1045 971 Andria
1066 909 1358 971 familiaris
1380 933 1555 974 meus

324 1000 464 1063 dicit
478 1024 494 1060 ε

368 1085 704 1166 Obsequium
714 1088 922 1147 amicos
928 1087 1151 1161 ,veritas
1162 1084 1357 1145 odium
1369 1088 1551 1166 parit.

327 1170 548 1233 molesta
561 1175 763 1231 veritas
780 1169 877 1247 est,
900 1170 940 1230 fi
955 1172 1177 1253 quidem
1192 1192 1267 1231 ex
1278 1192 1347 1231 ea
1362 1172 1553 1233 nasci·

327 1274 422 1317 tur
437 1254 838 1338 odium;(quod
853 1254 929 1318 est
939 1279 1219 1319 venenum
1234 1260 1551 1335 amicitiae)

328 1343 422 1405 sed
426 1342 748 1446 obsequium
763 1343 939 1405 multo
947 1344 1405 1421 molestius‚quod
1416 1367 1548 1424 pec·

331 1432 472 1491 catis
487 1429 1158 1510 indulgenS‚praecipitem
1176 1422 1417 1489 amicum
1434 1431 1548 1491 fer·

331 1516 386 1575 ri
411 1512 558 1575 finit.
605 1518 847 1575 maxima
872 1530 1052 1575 autem
1079 1514 1279 1595 culpa
1264 1537 1327 1574 m
1352 1537 1423 1575 eo
1448 1515 1546 1591 est,

335 1601 434 1681 qui
451 1616 506 1659 et
520 1603 808 1661 veritatem
831 1599 1206 1680 adspernatur,
1230 1617 1287 1659 et
1302 1603 1367 1661 in
1390 1600 1545 1662 frau-

335 1686 459 1747 dem
475 1686 738 1768 obsequio
752 1686 1069 1767 impellitur.
1086 1689 1241 1747 omni
1256 1689 1427 1764 igitur
1442 1692 1546 1749 hac

337 1776 400 1847 in
416 1796 475 1835 re
490 1773 738 1833 habenda
757 1775 903 1851 ratio
927 1789 983 1832 et
998 1772 1283 1851 diligentia
1297 1772 1401 1833 est:
1426 1777 1545 1855 pri-

335 1880 514 1935 mum,
537 1875 600 1919 ut
619 1862 865 1921 monitio'
888 1859 1201 1934 acerbitate,
1220 1859 1418 1919 deinde
1441 1862 1543 1921 ob·

332 1946 580 2025 jurgatio
604 1944 939 2007 contumelia
960 1961 1169 2005 careat:
1195 1947 1257 2003 in
1280 1942 1545 2025 obsequio

342 2049 525 2091 autem
557 2030 854 2113 (quoniam
883 2032 1231 2091 Terentiano
1261 2034 1431 2092 verbo
1457 2032 1544 2092 lu-

339 2120 535 2179 benter
549 2120 784 2195 utimur)
799 2118 1030 2179 comitas
1047 2114 1179 2177 adfit
1194 2140 1209 2175 ε
1232 2114 1543 2195 affitntatiO,

341 2202 608 2265 vitiorum
639 2204 727 2281 adj
735 2205 887 2264 utrix
901 2246 921 2277 ,
957 2203 1151 2283 procul
1184 2220 1501 2264 amoveatur
1520 2227 1539 2265 ε

343 2308 483 2367 quae
499 2310 617 2349 non
633 2288 804 2349 modo
822 2290 1024 2365 amico,
1041 2286 1130 2347 sed
1144 2309 1216 2347 ne
1231 2288 1403 2348 libero
1418 2292 1538 2368 qui-

337 2372 462 2433 dem
479 2373 647 2450 digna
660 2372 754 2435 est.
784 2374 946 2433 aliter
968 2376 1118 2433 enim
1135 2395 1258 2433 cum
1274 2388 1537 2453 tyranne,

333 2457 492 2518 aliter
507 2479 630 2521 cum
646 2460 822 2523 amico
838 2460 1160 2540 vivitur.cuj
1168 2478 1231 2521 us
1248 2475 1427 2525 autem
1441 2481 1532 2523 au-
