1725 3042
40 0 82 27 Ρ

443 124 1007 185 SCIPIONIS.
1274 144 1395 203 ¹51

37 196 62 261 ¹
191 243 396 289 eanum
421 224 589 287 audio
607 224 816 302 dicere)
837 222 976 304 qnid
996 239 1189 285 moror
1208 222 1269 285 in
1292 241 1405 288 ter·

31 320 62 367 ⁵
197 312 304 373 ris?
320 314 462 393 quin
477 316 586 373 hue
599 312 668 372 ad
682 330 790 372 vos
802 312 996 371 venire
1010 312 1405 393 propero-'non

197 399 276 461 est
290 402 391 473 ita,
413 400 598 480 inquit
609 398 724 459 ille.
757 394 858 457 nifi
878 398 1029 457 enim
1042 406 1195 457 Deus
1210 398 1283 474 is,
1305 421 1404 461 eu·

27 478 64 541 ὁ
192 486 294 567 jus
315 488 422 545 hoc
442 484 704 566 templum
724 482 800 544 est
820 503 989 544 omne
1010 484 1163 565 quod
1185 484 1407 568 conspi-

26 584 50 602 ‘
199 568 306 648 δὴ,
327 569 440 631 istis
455 587 509 631 te
523 572 776 653 corporis
797 568 1051 631 custodiis
1074 571 1405 651 liberaverit,

199 660 310 719 huc
324 658 422 717 tibi
443 658 620 719 aditus
632 675 822 739 patere
843 676 965 717 non
981 657 1177 738 potest.
1222 662 1409 721 homi-

199 765 304 807 nes
317 746 468 805 enim
482 743 610 805 sunt
629 748 730 807 hac
752 744 871 821 lege
884 746 1150 821 generati,
1172 747 1272 825 qui
1286 762 1409 808 tue·

197 846 396 895 rentur
405 830 559 892 illum
573 831 983 910 globum‚quem
999 831 1059 891 in
1076 833 1183 893 hoc
1198 832 1409 913 templo

197 918 441 985 medium
455 918 631 994 vides,
653 939 792 998 quae
805 933 951 977 terra
964 917 1195 979 dicitur:
1218 917 1410 1001 hisque

198 1006 416 1065 animus
429 1004 592 1065 datus
607 1005 682 1065 est
695 1026 770 1065 ex
787 1004 897 1064 illis
913 1002 1249 1085 sempiternis
1262 1008 1409 1084 igni·

197 1093 326 1167 buz,
352 1110 492 1171 quae
519 1090 688 1153 fidera
715 1107 774 1152 et
793 1090 969 1151 stellas
999 1094 1243 1154 vocatist
1268 1112 1409 1175 quae

197 1176 479 1258 globosae,
499 1194 558 1238 et
585 1179 882 1253 rotundae,
909 1177 1112 1239 divinis
1136 1181 1409 1243 animatae

199 1265 500 1339 mentibus,
523 1264 760 1325 circulos
793 1262 920 1323 suos
943 1262 1207 1345 orbesque
1228 1264 1409 1327 confi·

195 1350 361 1413 ciunt
387 1348 662 1411 celeritate
693 1349 949 1413 mirabili.
997 1370 1167 1429 quare
1196 1367 1254 1411 et
1284 1351 1409 1429 tibi,

200 1436 383 1510 Publi,
391 1451 450 1496 et
463 1438 571 1517 piis
586 1438 847 1499 omnibus
863 1436 1183 1497 retinendus
1198 1434 1273 1497 est
1286 1436 1409 1497 ani·

197 1543 326 1585 mus
341 1524 402 1585 in
423 1522 666 1583 custodia
695 1526 980 1604 corporis:
1005 1544 1107 1583 nec
1128 1521 1329 1603 injuffu
1349 1544 1409 1585 e-

192 1610 314 1690 jus,
337 1630 370 1669 a
396 1630 512 1690 quo
535 1610 624 1669 ille
645 1608 718 1669 est
739 1611 903 1669 vobis
923 1609 1111 1684 datus,
1132 1630 1207 1671 ex
1226 1600 1409 1671 homi·

199 1717 340 1759 num
353 1698 469 1757 vita
478 1694 822 1773 migrandum
832 1694 929 1768 est,
932 1716 1003 1754 ne
1016 1716 1216 1755 munus
1223 1700 1411 1755 huma-

199 1803 340 1845 mam
355 1780 670 1859 assignatum
683 1802 716 1839 a
731 1788 854 1841 Deo
878 1779 1132 1859 defugiffi
1148 1780 1409 1843 videami-

201 1870 286 1929 ni.
335 1866 422 1926 sed
451 1866 546 1942 fic,
565 1868 768 1947 Scipio,
791 1883 856 1926 ut
884 1888 1021 1928 avus
1052 1869 1141 1928 hic
1170 1884 1320 1944 tune,
1344 1883 1411 1929 ut

197 1975 331 2034 ego,
348 1954 448 2033 qui
464 1968 519 2012 te
532 1955 722 2030 genui,
735 1952 999 2031 justitiam
1014 1952 1158 2029 cole,
1170 1969 1227 2013 et
1242 1957 1413 2033 pieta-

203 2058 320 2103 tem
337 2062 354 2101 ε
378 2060 542 2121 quae,
564 2060 688 2101 cum
709 2039 776 2099 fit
795 2061 995 2119 magna
1015 2042 1075 2101 in
1092 2042 1409 2120 parentibus

199 2143 262 2189 et
273 2128 630 2209 propinquis,
655 2141 774 2187 tum
787 2129 849 2185 in
867 2127 1043 2207 patria
1059 2128 1296 2187 maxima
1310 2123 1409 2187 est·

197 2235 266 2275 ea
278 2215 416 2290 vita,
439 2216 534 2273 via
549 2209 626 2272 est
641 2215 702 2271 in
715 2210 948 2289 caelum3
968 2229 1027 2272 ct
1039 2214 1100 2272 in
1121 2215 1269 2275 hunc
1282 2232 1411 2273 coe·

200 2316 323 2367 tum
335 2320 553 2373 eorum,
567 2299 664 2381 qui
673 2297 792 2377 jam
804 2300 1091 2373 vixerunt,
1105 2314 1163 2359 et
1177 2316 1413 2377 corpore

199 2386 396 2461 laxati,
403 2385 556 2451 inum
569 2385 822 2445 incolunt
835 2385 1042 2461 locum,
1053 2404 1219 2465 quem
1232 2383 1409 2447 vides.

199 2488 324 2543 erat
335 2488 518 2541 autem
531 2472 582 2538 ie
589 2469 1007 2556 splendidunmo
1015 2468 1253 2533 candore
1266 2470 1414 2538 intet
