1725 3042
1692 85 1693 120 l

382 151 417 210 ς
424 147 465 198 -2
690 133 749 190 D
764 131 813 190 E
858 135 910 189 Ο
927 133 972 190 F
987 133 1030 190 F
1047 133 1078 192 1
1093 130 1142 191 C
1159 135 1189 192 1
1205 135 1232 192 1
1247 136 1283 189 S
1692 123 1693 176 3

374 248 466 308 ut,
486 227 618 292 dum
644 248 762 290 eam
789 226 1102 306 consti-vet,
1125 231 1382 311 quamvis
1409 231 1602 310 gravit-

374 334 466 381 ter
480 315 747 391 offendat,
768 331 1114 397 mortemque
1135 333 1359 398 oppetat
1374 320 1597 398 potine,
1692 309 1693 338 ³

375 425 548 484 quam
576 401 783 462 deserat
804 402 918 478 illa,
947 423 1088 482 quae
1107 403 1245 464 dixi.
1291 402 1600 464 miserrima
1692 437 1693 446 2

372 489 455 552 ,est
464 491 699 550 omnino
714 489 942 548 ambitio
957 491 1346 570 honorumque
1358 507 1600 550 conoen-
1692 485 1693 556 ζ

376 579 465 636 tio
485 598 503 634 ε
540 575 609 634 de
632 595 743 654 qua
780 573 1048 655 praeclare
1083 575 1229 656 apud
1255 576 1492 636 eundem
1517 577 1602 638 est

378 662 700 735 Platonem3
728 661 747 693 ‘
772 660 1012 720 similiter
1037 661 1212 722 facere
1239 683 1361 738 eos,
1385 665 1485 741 qui
1511 665 1606 723 in-

382 748 407 784 ‘
430 763 513 808 ter
528 745 581 808 se
592 747 1017 823 contenderent,
1031 764 1155 808 uter
1169 749 1358 828 potius
1374 769 1599 830 rempu-
1692 765 1693 770 ’

392 836 417 869 ‘
432 835 629 895 blicam
640 833 1054 910 administraret,
1077 833 1192 894 utfi
1208 851 1406 895 nautae
1418 851 1600 895 certa-

377 923 412 968 -‘
434 936 583 997 rent,
606 921 731 1000 quis
760 941 955 980 eorum
978 921 1305 1000 potissimum
1327 924 1602 1000 guberna·

387 1007 412 1043 ‘
434 1010 563 1068 ret.’
608 1005 859 1086 idemque
873 1008 1158 1089 praecipit,
1175 1006 1196 1039 ‘
1213 1023 1278 1068 ut
1291 1029 1389 1068 eos
1405 1009 1605 1068 adver·
1692 1047 1693 1086 ÷

378 1095 412 1152 .‘
438 1093 609 1154 farios
636 1091 1002 1154 existimemus
1021 1137 1042 1169 ,
1077 1095 1174 1175 qui
1203 1115 1354 1156 arma
1393 1111 1604 1155 contra
1692 1089 1693 1138 7

377 1181 415 1228 -‘
436 1181 652 1256 ferant3
687 1201 808 1239 non
838 1200 958 1256 eos,
997 1183 1097 1259 qui
1126 1178 1224 1241 suo
1258 1181 1476 1260 judicio
1507 1198 1600 1242 tu·
1692 1195 1693 1198 ’

390 1269 415 1303 ⁶
438 1269 519 1329 eri
533 1265 917 1348 rempublicam
931 1265 1108 1326 velint
1122 1288 1138 1327 z
1160 1269 1175 1294 ’
1199 1268 1374 1347 qualis
1387 1266 1496 1328 fuit
1509 1269 1603 1328 in-
1692 1258 1693 1336 f

392 1371 479 1416 ter
500 1361 565 1414 P.
599 1353 923 1412 Africanum
951 1367 1008 1412 et
1030 1361 1144 1429 Qu.
1169 1353 1456 1414 Metellum
1487 1352 1608 1414 fine
1692 1347 1693 1420 ἦ

392 1440 685 1502 acerbitate
706 1436 978 1500 diffenfio.
1025 1460 1128 1500 nec
1157 1460 1292 1501 vero
1321 1439 1610 1518 audiendi,

396 1529 499 1609 qui
524 1525 763 1605 graviter
797 1523 1134 1586 irascendum
1167 1527 1406 1586 inimicis
1443 1543 1609 1609 puta-

397 1618 565 1688 bunt,
588 1611 753 1693 idque
766 1611 1102 1690 magnanimi
1121 1628 1178 1672 et
1191 1612 1356 1673 fortis
1378 1614 1488 1674 viri
1502 1612 1610 1674 'effe

398 1699 725 1762 censebunt:
752 1698 890 1758 nihil
917 1699 1063 1758 enim
1084 1697 1404 1760 laudabilius
1423 1743 1446 1776 ,
1467 1700 1614 1761 nihil

400 1807 607 1864 magno
622 1800 679 1844 et
698 1784 974 1866 praeclaro
991 1787 1118 1846 viro
1139 1785 1360 1864 dignius
1381 1784 1617 1867 placabi-
1692 1823 1693 1846 1

403 1874 559 1933 litate
573 1887 736 1951 atque
749 1869 1056 1932 clementia.
1080 1873 1143 1931 in
1157 1872 1341 1932 liberis
1355 1893 1496 1932 vero
1508 1895 1616 1955 po-
1692 1903 1693 1948 3

404 1957 575 2040 pulis,
598 1973 656 2016 et
670 1959 884 2037 injuris
899 1957 1298 2037 aequabilitate,
1311 1959 1619 2020 exercenda
1692 1979 1693 1982 ’

404 2047 573 2106 etiam
588 2043 662 2104 est
674 2043 928 2117 facilitas,
950 2060 1007 2103 et
1019 2042 1252 2104 altitudo
1267 2047 1462 2122 animi,
1477 2064 1620 2125 quae

406 2133 644 2205 dicium
670 2152 763 2206 ne,
786 2128 826 2190 fi
840 2127 1128 2190 irascamur
1141 2147 1236 2191 aut
1247 2129 1622 2211 intempestive
1692 2171 1693 2176 κ

412 2217 791 2278 accedentibus
808 2259 827 2289 ,
856 2232 951 2278 aut
985 2215 1334 2298 impudenter
1371 2218 1620 2297 roganti·

413 2306 541 2378 bus,
562 2305 624 2362 in
638 2301 1008 2362 morositatem
1029 2303 1282 2366 inutilem
1303 2318 1361 2363 et
1375 2301 1625 2364 odiosam

386 2433 393 2442 .
412 2387 803 2448 incidamus.et
814 2402 998 2451 tamen
1011 2390 1090 2448 ita
1101 2387 1629 2468 probandaestman-
1692 2375 1693 2446 l

384 2533 393 2544 ,
416 2470 645 2538 suetudo
672 2488 837 2554 atque
865 2471 1182 2556 clementia,
1212 2490 1278 2540 ut
1305 2474 1628 2561 adlubeatur
