<?xml version="1.0" encoding="UTF-8"?>
<!DOCTYPE html PUBLIC "-//W3C//DTD XHTML 1.0 Transitional//EN"
    "http://www.w3.org/TR/xhtml1/DTD/xhtml1-transitional.dtd">
<html xmlns="http://www.w3.org/1999/xhtml" xml:lang="en" lang="en">
 <head>
  <title>
</title>
<meta http-equiv="Content-Type" content="text/html;charset=utf-8" />
  <meta name='ocr-system' content='tesseract 3.04.00' />
  <meta name='ocr-capabilities' content='ocr_page ocr_carea ocr_par ocr_line ocrx_word'/>
</head>
<body>
  <div class='ocr_page' id='page_1' title='image "./mtulliiciceroni09unkngoog/mtulliiciceroni09unkngoog_0412.png"; bbox 0 0 1725 3042; ppageno 0'>
   <div class='ocr_carea' id='block_1_1' title="bbox 335 157 1266 240">
    <p class='ocr_par' dir='ltr' id='par_1_1' title="bbox 335 157 1266 240">
     <span class='ocr_line' id='line_1_1' title="bbox 335 157 1266 240; baseline -0.01 -14"><span class='ocrx_word' id='word_1_1' title='bbox 335 180 450 240; x_wconf 83' lang='lat'>150</span> <span class='ocrx_word' id='word_1_2' title='bbox 714 157 1266 217; x_wconf 78' lang='lat' dir='ltr'>soMNIUM</span> 
     </span>
    </p>
   </div>
   <div class='ocr_carea' id='block_1_2' title="bbox 323 258 1613 347">
    <p class='ocr_par' dir='ltr' id='par_1_2' title="bbox 323 258 1613 347">
     <span class='ocr_line' id='line_1_2' title="bbox 323 258 1613 347; baseline -0.009 -22"><span class='ocrx_word' id='word_1_3' title='bbox 323 280 379 326; x_wconf 88' lang='lat' dir='ltr'>et</span> <span class='ocrx_word' id='word_1_4' title='bbox 407 282 594 347; x_wconf 83' lang='lat' dir='ltr'>parum</span> <span class='ocrx_word' id='word_1_5' title='bbox 633 260 827 321; x_wconf 79' lang='lat' dir='ltr'>rebus:</span> <span class='ocrx_word' id='word_1_6' title='bbox 850 258 1034 321; x_wconf 85' lang='lat' dir='ltr'>audite</span> <span class='ocrx_word' id='word_1_7' title='bbox 1064 272 1312 321; x_wconf 72' lang='lat' dir='ltr'>caetera.</span> <span class='ocrx_word' id='word_1_8' title='bbox 1468 261 1613 323; x_wconf 64' lang='lat' dir='ltr'>sah</span> 
     </span>
    </p>
   </div>
   <div class='ocr_carea' id='block_1_3' title="bbox 283 345 1579 2592">
    <p class='ocr_par' dir='ltr' id='par_1_3' title="bbox 283 345 1579 2592">
     <span class='ocr_line' id='line_1_3' title="bbox 323 345 1577 433; baseline -0.009 -19"><span class='ocrx_word' id='word_1_9' title='bbox 323 352 446 433; x_wconf 72' lang='lat' dir='ltr'>quo</span> <span class='ocrx_word' id='word_1_10' title='bbox 461 348 553 424; x_wconf 77' lang='lat' dir='ltr'>fis,</span> <span class='ocrx_word' id='word_1_11' title='bbox 587 347 869 421; x_wconf 82' lang='lat' dir='ltr'>Africane,</span> <span class='ocrx_word' id='word_1_12' title='bbox 902 345 1129 405; x_wconf 77' lang='lat' dir='ltr'>alacrior</span> <span class='ocrx_word' id='word_1_13' title='bbox 1151 345 1223 404; x_wconf 87' lang='lat' dir='ltr'>ad</span> <span class='ocrx_word' id='word_1_14' title='bbox 1245 348 1577 410; x_wconf 79' lang='lat' dir='ltr'>tutandum</span> 
     </span>
     <span class='ocr_line' id='line_1_4' title="bbox 326 433 1577 518; baseline -0.004 -19"><span class='ocrx_word' id='word_1_15' title='bbox 326 434 737 518; x_wconf 69' lang='lat' dir='ltr'>rempublicam,</span> <span class='ocrx_word' id='word_1_16' title='bbox 772 433 842 493; x_wconf 85' lang='lat' dir='ltr'>fic</span> <span class='ocrx_word' id='word_1_17' title='bbox 863 434 1064 492; x_wconf 85' lang='lat' dir='ltr'>habeto</span> <span class='ocrx_word' id='word_1_18' title='bbox 1077 454 1095 491; x_wconf 69' lang='grc' dir='ltr'><strong>ε</strong></span> <span class='ocrx_word' id='word_1_19' title='bbox 1131 434 1447 511; x_wconf 73' lang='lat' dir='ltr'>omnibus,</span> <span class='ocrx_word' id='word_1_20' title='bbox 1472 436 1577 518; x_wconf 78' lang='lat' dir='ltr'>qui</span> 
     </span>
     <span class='ocr_line' id='line_1_5' title="bbox 325 516 1579 607; baseline -0.006 -21"><span class='ocrx_word' id='word_1_21' title='bbox 325 528 554 607; x_wconf 85' lang='lat' dir='ltr'>patriam</span> <span class='ocrx_word' id='word_1_22' title='bbox 583 516 987 593; x_wconf 84' lang='lat' dir='ltr'>conservarint,</span> <span class='ocrx_word' id='word_1_23' title='bbox 1010 517 1365 597; x_wconf 81' lang='lat' dir='ltr'>adjuverint,</span> <span class='ocrx_word' id='word_1_24' title='bbox 1392 542 1579 587; x_wconf 47' lang='lat' dir='ltr'>auxes</span> 
     </span>
     <span class='ocr_line' id='line_1_6' title="bbox 326 604 1577 687; baseline -0.007 -11"><span class='ocrx_word' id='word_1_25' title='bbox 326 614 468 687; x_wconf 86' lang='lat' dir='ltr'>rint,</span> <span class='ocrx_word' id='word_1_26' title='bbox 511 624 721 670; x_wconf 86' lang='lat' dir='ltr'>certum</span> <span class='ocrx_word' id='word_1_27' title='bbox 738 604 847 685; x_wconf 78' lang='lat' dir='ltr'>effe</span> <span class='ocrx_word' id='word_1_28' title='bbox 876 608 936 665; x_wconf 88' lang='lat' dir='ltr'>in</span> <span class='ocrx_word' id='word_1_29' title='bbox 960 605 1112 665; x_wconf 86' lang='lat' dir='ltr'>caelo</span> <span class='ocrx_word' id='word_1_30' title='bbox 1142 604 1457 668; x_wconf 88' lang='lat' dir='ltr'>definitum</span> <span class='ocrx_word' id='word_1_31' title='bbox 1482 608 1577 667; x_wconf 88' lang='lat' dir='ltr'>lo·-</span> 
     </span>
     <span class='ocr_line' id='line_1_7' title="bbox 325 687 1571 774; baseline -0.003 -15"><span class='ocrx_word' id='word_1_32' title='bbox 325 718 477 774; x_wconf 83' lang='lat' dir='ltr'>eum,</span> <span class='ocrx_word' id='word_1_33' title='bbox 513 696 604 755; x_wconf 90' lang='lat' dir='ltr'>ubi</span> <span class='ocrx_word' id='word_1_34' title='bbox 631 694 777 754; x_wconf 85' lang='lat' dir='ltr'>beati</span> <span class='ocrx_word' id='word_1_35' title='bbox 805 712 948 753; x_wconf 81' lang='lat' dir='ltr'>aevo</span> <span class='ocrx_word' id='word_1_36' title='bbox 985 687 1325 772; x_wconf 87' lang='lat' dir='ltr'>sempiterno</span> <span class='ocrx_word' id='word_1_37' title='bbox 1360 694 1571 755; x_wconf 84' lang='lat' dir='ltr'>fruan-</span> 
     </span>
     <span class='ocr_line' id='line_1_8' title="bbox 327 777 1569 863; baseline -0.005 -16"><span class='ocrx_word' id='word_1_38' title='bbox 327 800 442 847; x_wconf 84' lang='lat' dir='ltr'>tur.</span> <span class='ocrx_word' id='word_1_39' title='bbox 489 780 717 843; x_wconf 83' lang='lat' dir='ltr'>nihilest</span> <span class='ocrx_word' id='word_1_40' title='bbox 731 780 881 839; x_wconf 86' lang='lat' dir='ltr'>enim</span> <span class='ocrx_word' id='word_1_41' title='bbox 896 777 977 839; x_wconf 90' lang='lat' dir='ltr'>illi</span> <span class='ocrx_word' id='word_1_42' title='bbox 1000 779 1245 859; x_wconf 85' lang='lat' dir='ltr'>principi</span> <span class='ocrx_word' id='word_1_43' title='bbox 1278 786 1445 855; x_wconf 90' lang='lat' dir='ltr'>Deo,</span> <span class='ocrx_word' id='word_1_44' title='bbox 1468 781 1569 863; x_wconf 84' lang='lat' dir='ltr'>qui</span> 
     </span>
     <span class='ocr_line' id='line_1_9' title="bbox 329 864 1568 949; baseline -0.005 -16"><span class='ocrx_word' id='word_1_45' title='bbox 329 890 556 935; x_wconf 85' lang='lat' dir='ltr'>omnem</span> <span class='ocrx_word' id='word_1_46' title='bbox 585 872 736 929; x_wconf 86' lang='lat' dir='ltr'>hunc</span> <span class='ocrx_word' id='word_1_47' title='bbox 763 864 1031 928; x_wconf 87' lang='lat' dir='ltr'>mundum</span> <span class='ocrx_word' id='word_1_48' title='bbox 1054 866 1216 943; x_wconf 87' lang='lat' dir='ltr'>regit,</span> <span class='ocrx_word' id='word_1_49' title='bbox 1241 867 1415 946; x_wconf 89' lang='lat' dir='ltr'>quod</span> <span class='ocrx_word' id='word_1_50' title='bbox 1439 868 1568 949; x_wconf 86' lang='lat' dir='ltr'>qui-</span> 
     </span>
     <span class='ocr_line' id='line_1_10' title="bbox 330 952 1566 1032; baseline -0.015 -12"><span class='ocrx_word' id='word_1_51' title='bbox 330 958 456 1019; x_wconf 84' lang='lat' dir='ltr'>dem</span> <span class='ocrx_word' id='word_1_52' title='bbox 469 960 531 1018; x_wconf 86' lang='lat' dir='ltr'>in</span> <span class='ocrx_word' id='word_1_53' title='bbox 547 956 708 1016; x_wconf 77' lang='lat' dir='ltr'>terris</span> <span class='ocrx_word' id='word_1_54' title='bbox 720 952 840 1030; x_wconf 82' lang='lat' dir='ltr'>fiat,</span> <span class='ocrx_word' id='word_1_55' title='bbox 855 952 1155 1032; x_wconf 84' lang='lat' dir='ltr'>acceptius,</span> <span class='ocrx_word' id='word_1_56' title='bbox 1173 972 1344 1031; x_wconf 84' lang='lat' dir='ltr'>quarn</span> <span class='ocrx_word' id='word_1_57' title='bbox 1363 956 1566 1014; x_wconf 85' lang='lat' dir='ltr'>conci-</span> 
     </span>
     <span class='ocr_line' id='line_1_11' title="bbox 329 1035 1568 1122; baseline -0.003 -17"><span class='ocrx_word' id='word_1_58' title='bbox 329 1045 402 1105; x_wconf 82' lang='lat' dir='ltr'>lia</span> <span class='ocrx_word' id='word_1_59' title='bbox 418 1041 702 1121; x_wconf 85' lang='lat' dir='ltr'>caetusque</span> <span class='ocrx_word' id='word_1_60' title='bbox 714 1042 1029 1113; x_wconf 87' lang='lat' dir='ltr'>hominum,</span> <span class='ocrx_word' id='word_1_61' title='bbox 1039 1039 1165 1117; x_wconf 84' lang='lat' dir='ltr'>jure</span> <span class='ocrx_word' id='word_1_62' title='bbox 1179 1035 1411 1116; x_wconf 87' lang='lat' dir='ltr'>sociati,</span> <span class='ocrx_word' id='word_1_63' title='bbox 1422 1061 1568 1122; x_wconf 77' lang='lat' dir='ltr'>quae</span> 
     </span>
     <span class='ocr_line' id='line_1_12' title="bbox 329 1126 1566 1208; baseline -0.005 -14"><span class='ocrx_word' id='word_1_64' title='bbox 329 1132 579 1194; x_wconf 78' lang='lat' dir='ltr'>civitates</span> <span class='ocrx_word' id='word_1_65' title='bbox 602 1126 977 1208; x_wconf 75' lang='lat' dir='ltr'>appellantur:</span> <span class='ocrx_word' id='word_1_66' title='bbox 1014 1130 1207 1185; x_wconf 87' lang='lat' dir='ltr'>harum</span> <span class='ocrx_word' id='word_1_67' title='bbox 1230 1130 1487 1188; x_wconf 64' lang='lat' dir='ltr'>rectores</span> <span class='ocrx_word' id='word_1_68' title='bbox 1508 1142 1566 1187; x_wconf 85' lang='lat' dir='ltr'>et</span> 
     </span>
     <span class='ocr_line' id='line_1_13' title="bbox 331 1210 1563 1294; baseline -0.002 -16"><span class='ocrx_word' id='word_1_69' title='bbox 331 1212 746 1279; x_wconf 79' lang='lat' dir='ltr'>conservatores</span> <span class='ocrx_word' id='word_1_70' title='bbox 767 1214 904 1274; x_wconf 86' lang='lat' dir='ltr'>hinc</span> <span class='ocrx_word' id='word_1_71' title='bbox 934 1210 1190 1294; x_wconf 61' lang='lat' dir='ltr'>profecti,</span> <span class='ocrx_word' id='word_1_72' title='bbox 1221 1214 1337 1272; x_wconf 88' lang='lat' dir='ltr'>huc</span> <span class='ocrx_word' id='word_1_73' title='bbox 1370 1235 1563 1291; x_wconf 72' lang='lat' dir='ltr'>revet-</span> 
     </span>
     <span class='ocr_line' id='line_1_14' title="bbox 331 1298 1565 1379; baseline -0.005 -14"><span class='ocrx_word' id='word_1_74' title='bbox 331 1317 553 1366; x_wconf 81' lang='lat' dir='ltr'>tuntur.</span> <span class='ocrx_word' id='word_1_75' title='bbox 598 1302 691 1361; x_wconf 75' lang='lat' dir='ltr'>hic</span> <span class='ocrx_word' id='word_1_76' title='bbox 713 1320 872 1377; x_wconf 87' lang='lat' dir='ltr'>ergo,</span> <span class='ocrx_word' id='word_1_77' title='bbox 894 1298 989 1359; x_wconf 84' lang='lat' dir='ltr'>etfi</span> <span class='ocrx_word' id='word_1_78' title='bbox 1018 1318 1167 1359; x_wconf 84' lang='lat' dir='ltr'>eram</span> <span class='ocrx_word' id='word_1_79' title='bbox 1198 1303 1565 1379; x_wconf 79' lang='lat' dir='ltr'>perterritus,</span> 
     </span>
     <span class='ocr_line' id='line_1_15' title="bbox 334 1383 1560 1465; baseline -0.006 -12"><span class='ocrx_word' id='word_1_80' title='bbox 334 1412 457 1453; x_wconf 81' lang='lat' dir='ltr'>non</span> <span class='ocrx_word' id='word_1_81' title='bbox 479 1406 594 1450; x_wconf 86' lang='lat' dir='ltr'>tam</span> <span class='ocrx_word' id='word_1_82' title='bbox 615 1404 765 1448; x_wconf 87' lang='lat' dir='ltr'>metu</span> <span class='ocrx_word' id='word_1_83' title='bbox 794 1388 1017 1462; x_wconf 68' lang='lat' dir='ltr'>morfia,</span> <span class='ocrx_word' id='word_1_84' title='bbox 1039 1404 1207 1465; x_wconf 82' lang='lat' dir='ltr'>quarn</span> <span class='ocrx_word' id='word_1_85' title='bbox 1233 1383 1560 1447; x_wconf 67' lang='lat' dir='ltr'>insidiarum</span> 
     </span>
     <span class='ocr_line' id='line_1_16' title="bbox 335 1472 1559 1555; baseline -0.005 -16"><span class='ocrx_word' id='word_1_86' title='bbox 335 1479 544 1553; x_wconf 73' lang='lat' dir='ltr'>ameis‚</span> <span class='ocrx_word' id='word_1_87' title='bbox 569 1472 808 1555; x_wconf 73' lang='lat' dir='ltr'>quaesivi</span> <span class='ocrx_word' id='word_1_88' title='bbox 822 1488 1033 1549; x_wconf 87' lang='lat' dir='ltr'>tamen,</span> <span class='ocrx_word' id='word_1_89' title='bbox 1053 1472 1349 1531; x_wconf 85' lang='lat' dir='ltr'>viveretne</span> <span class='ocrx_word' id='word_1_90' title='bbox 1363 1473 1485 1553; x_wconf 87' lang='lat' dir='ltr'>ipse</span> <span class='ocrx_word' id='word_1_91' title='bbox 1503 1488 1559 1533; x_wconf 85' lang='lat' dir='ltr'>et</span> 
     </span>
     <span class='ocr_line' id='line_1_17' title="bbox 333 1560 1561 1645; baseline -0.005 -18"><span class='ocrx_word' id='word_1_92' title='bbox 333 1563 535 1627; x_wconf 76' lang='lat' dir='ltr'>Paulus</span> <span class='ocrx_word' id='word_1_93' title='bbox 551 1579 726 1645; x_wconf 87' lang='lat' dir='ltr'>pater,</span> <span class='ocrx_word' id='word_1_94' title='bbox 751 1576 808 1619; x_wconf 90' lang='lat' dir='ltr'>et</span> <span class='ocrx_word' id='word_1_95' title='bbox 838 1560 955 1635; x_wconf 80' lang='lat' dir='ltr'>alii,</span> <span class='ocrx_word' id='word_1_96' title='bbox 975 1578 1120 1639; x_wconf 80' lang='lat' dir='ltr'>quos</span> <span class='ocrx_word' id='word_1_97' title='bbox 1137 1578 1250 1619; x_wconf 75' lang='lat' dir='ltr'>nos</span> <span class='ocrx_word' id='word_1_98' title='bbox 1270 1562 1561 1621; x_wconf 65' lang='lat' dir='ltr'>extinctos</span> 
     </span>
     <span class='ocr_line' id='line_1_18' title="bbox 333 1646 1559 1725; baseline -0.003 -14"><span class='ocrx_word' id='word_1_99' title='bbox 333 1651 742 1717; x_wconf 73' lang='lat' dir='ltr'>arbitraremur.</span> <span class='ocrx_word' id='word_1_100' title='bbox 787 1650 963 1708; x_wconf 87' lang='lat' dir='ltr'>immo</span> <span class='ocrx_word' id='word_1_101' title='bbox 983 1666 1145 1719; x_wconf 85' lang='lat' dir='ltr'>vero,</span> <span class='ocrx_word' id='word_1_102' title='bbox 1167 1646 1379 1725; x_wconf 86' lang='lat' dir='ltr'>inquit,</span> <span class='ocrx_word' id='word_1_103' title='bbox 1403 1649 1447 1707; x_wconf 84' lang='lat' dir='ltr'>ii</span> <span class='ocrx_word' id='word_1_104' title='bbox 1476 1650 1559 1707; x_wconf 85' lang='lat' dir='ltr'>vi-</span> 
     </span>
     <span class='ocr_line' id='line_1_19' title="bbox 336 1730 1559 1820; baseline -0.006 -22"><span class='ocrx_word' id='word_1_105' title='bbox 336 1739 608 1820; x_wconf 84' lang='lat' dir='ltr'>vunt,qui</span> <span class='ocrx_word' id='word_1_106' title='bbox 623 1756 694 1797; x_wconf 80' lang='lat' dir='ltr'>ex</span> <span class='ocrx_word' id='word_1_107' title='bbox 707 1754 1005 1815; x_wconf 87' lang='lat' dir='ltr'>corporum</span> <span class='ocrx_word' id='word_1_108' title='bbox 1022 1730 1559 1813; x_wconf 77' lang='lat' dir='ltr'>vinculis,tanquam</span> 
     </span>
     <span class='ocr_line' id='line_1_20' title="bbox 335 1816 1557 1900; baseline -0.005 -14"><span class='ocrx_word' id='word_1_109' title='bbox 335 1848 371 1887; x_wconf 85' lang='lat' dir='ltr'>e</span> <span class='ocrx_word' id='word_1_110' title='bbox 385 1845 618 1895; x_wconf 85' lang='lat' dir='ltr'>carcere,</span> <span class='ocrx_word' id='word_1_111' title='bbox 635 1820 1022 1883; x_wconf 82' lang='lat' dir='ltr'>evolaverunt:</span> <span class='ocrx_word' id='word_1_112' title='bbox 1041 1816 1212 1878; x_wconf 78' lang='lat' dir='ltr'>vestra</span> <span class='ocrx_word' id='word_1_113' title='bbox 1228 1839 1389 1893; x_wconf 86' lang='lat' dir='ltr'>vero,</span> <span class='ocrx_word' id='word_1_114' title='bbox 1415 1839 1557 1900; x_wconf 80' lang='lat' dir='ltr'>quae</span> 
     </span>
     <span class='ocr_line' id='line_1_21' title="bbox 339 1903 1555 1987; baseline -0.008 -12"><span class='ocrx_word' id='word_1_115' title='bbox 339 1912 539 1975; x_wconf 87' lang='lat' dir='ltr'>dicitur</span> <span class='ocrx_word' id='word_1_116' title='bbox 567 1911 706 1985; x_wconf 77' lang='lat' dir='ltr'>vita,</span> <span class='ocrx_word' id='word_1_117' title='bbox 728 1928 883 1969; x_wconf 80' lang='lat' dir='ltr'>mors</span> <span class='ocrx_word' id='word_1_118' title='bbox 902 1905 996 1967; x_wconf 87' lang='lat' dir='ltr'>est.</span> <span class='ocrx_word' id='word_1_119' title='bbox 1044 1906 1181 1985; x_wconf 86' lang='lat' dir='ltr'>quin</span> <span class='ocrx_word' id='word_1_120' title='bbox 1203 1920 1265 1964; x_wconf 87' lang='lat' dir='ltr'>tu</span> <span class='ocrx_word' id='word_1_121' title='bbox 1289 1903 1555 1987; x_wconf 83' lang='lat' dir='ltr'>adspicias</span> 
     </span>
     <span class='ocr_line' id='line_1_22' title="bbox 283 1992 1554 2072; baseline -0.005 -13"><span class='ocrx_word' id='word_1_122' title='bbox 283 2056 288 2059; x_wconf 85' lang='lat'>.</span> <span class='ocrx_word' id='word_1_123' title='bbox 341 1999 410 2063; x_wconf 80' lang='lat' dir='ltr'>ad</span> <span class='ocrx_word' id='word_1_124' title='bbox 432 2016 486 2058; x_wconf 87' lang='lat' dir='ltr'>te</span> <span class='ocrx_word' id='word_1_125' title='bbox 507 1998 822 2059; x_wconf 87' lang='lat' dir='ltr'>venientem</span> <span class='ocrx_word' id='word_1_126' title='bbox 844 1992 1071 2053; x_wconf 85' lang='lat' dir='ltr'>Paulum</span> <span class='ocrx_word' id='word_1_127' title='bbox 1106 2006 1343 2072; x_wconf 84' lang='lat' dir='ltr'>patrem.</span> <span class='ocrx_word' id='word_1_128' title='bbox 1389 2010 1554 2071; x_wconf 86' lang='lat' dir='ltr'>quem</span> 
     </span>
     <span class='ocr_line' id='line_1_23' title="bbox 343 2078 1551 2165; baseline -0.01 -15"><span class='ocrx_word' id='word_1_129' title='bbox 343 2104 409 2150; x_wconf 87' lang='lat' dir='ltr'>ut</span> <span class='ocrx_word' id='word_1_130' title='bbox 421 2085 558 2161; x_wconf 89' lang='lat' dir='ltr'>vidi,</span> <span class='ocrx_word' id='word_1_131' title='bbox 582 2082 830 2165; x_wconf 87' lang='lat' dir='ltr'>equidem</span> <span class='ocrx_word' id='word_1_132' title='bbox 850 2082 966 2139; x_wconf 90' lang='lat' dir='ltr'>vim</span> <span class='ocrx_word' id='word_1_133' title='bbox 980 2080 1345 2159; x_wconf 82' lang='lat' dir='ltr'>lacrymarum</span> <span class='ocrx_word' id='word_1_134' title='bbox 1358 2078 1551 2159; x_wconf 84' lang='lat' dir='ltr'>profu·</span> 
     </span>
     <span class='ocr_line' id='line_1_24' title="bbox 339 2162 1549 2249; baseline -0.009 -12"><span class='ocrx_word' id='word_1_135' title='bbox 339 2173 422 2237; x_wconf 83' lang='lat' dir='ltr'>di.</span> <span class='ocrx_word' id='word_1_136' title='bbox 469 2171 560 2233; x_wconf 89' lang='lat' dir='ltr'>ille</span> <span class='ocrx_word' id='word_1_137' title='bbox 581 2186 760 2231; x_wconf 78' lang='lat' dir='ltr'>autem</span> <span class='ocrx_word' id='word_1_138' title='bbox 789 2189 879 2228; x_wconf 88' lang='lat' dir='ltr'>me</span> <span class='ocrx_word' id='word_1_139' title='bbox 901 2164 1255 2249; x_wconf 64' lang='lat' dir='ltr'>complexim,</span> <span class='ocrx_word' id='word_1_140' title='bbox 1278 2181 1445 2247; x_wconf 82' lang='lat' dir='ltr'>atque</span> <span class='ocrx_word' id='word_1_141' title='bbox 1467 2162 1549 2226; x_wconf 84' lang='lat' dir='ltr'>os·</span> 
     </span>
     <span class='ocr_line' id='line_1_25' title="bbox 339 2255 1550 2335; baseline -0.003 -17"><span class='ocrx_word' id='word_1_142' title='bbox 339 2258 531 2323; x_wconf 82' lang='lat' dir='ltr'>culans</span> <span class='ocrx_word' id='word_1_143' title='bbox 543 2300 564 2333; x_wconf 91' lang='lat'><strong><em>,</em></strong></span> <span class='ocrx_word' id='word_1_144' title='bbox 602 2258 731 2316; x_wconf 89' lang='lat' dir='ltr'>flere</span> <span class='ocrx_word' id='word_1_145' title='bbox 759 2255 1103 2335; x_wconf 86' lang='lat' dir='ltr'>prohibebat.</span> <span class='ocrx_word' id='word_1_146' title='bbox 1160 2268 1327 2334; x_wconf 85' lang='lat' dir='ltr'>atque</span> <span class='ocrx_word' id='word_1_147' title='bbox 1356 2272 1461 2331; x_wconf 87' lang='lat' dir='ltr'>ego</span> <span class='ocrx_word' id='word_1_148' title='bbox 1491 2266 1550 2314; x_wconf 86' lang='lat' dir='ltr'>ut</span> 
     </span>
     <span class='ocr_line' id='line_1_26' title="bbox 339 2334 1549 2425; baseline -0.003 -24"><span class='ocrx_word' id='word_1_149' title='bbox 339 2345 580 2425; x_wconf 85' lang='lat' dir='ltr'>primum</span> <span class='ocrx_word' id='word_1_150' title='bbox 608 2342 740 2400; x_wconf 89' lang='lat' dir='ltr'>fletu</span> <span class='ocrx_word' id='word_1_151' title='bbox 763 2338 998 2420; x_wconf 75' lang='lat' dir='ltr'>reprelso</span> <span class='ocrx_word' id='word_1_152' title='bbox 1018 2336 1177 2418; x_wconf 86' lang='lat' dir='ltr'>loqui</span> <span class='ocrx_word' id='word_1_153' title='bbox 1200 2334 1351 2419; x_wconf 69' lang='lat' dir='ltr'>poll‘e</span> <span class='ocrx_word' id='word_1_154' title='bbox 1373 2340 1549 2419; x_wconf 86' lang='lat' dir='ltr'>coepi,</span> 
     </span>
     <span class='ocr_line' id='line_1_27' title="bbox 339 2422 1549 2505; baseline 0 -20"><span class='ocrx_word' id='word_1_155' title='bbox 339 2424 565 2505; x_wconf 84' lang='lat' dir='ltr'>quaeso,</span> <span class='ocrx_word' id='word_1_156' title='bbox 600 2427 853 2505; x_wconf 80' lang='lat' dir='ltr'>inquam,</span> <span class='ocrx_word' id='word_1_157' title='bbox 876 2439 1033 2505; x_wconf 87' lang='lat' dir='ltr'>pater</span> <span class='ocrx_word' id='word_1_158' title='bbox 1054 2422 1369 2484; x_wconf 72' lang='lat' dir='ltr'>i&#39;anffiffime</span> <span class='ocrx_word' id='word_1_159' title='bbox 1390 2439 1549 2504; x_wconf 77' lang='lat' dir='ltr'>atque</span> 
     </span>
     <span class='ocr_line' id='line_1_28' title="bbox 337 2503 1545 2592; baseline 0.002 -22"><span class='ocrx_word' id='word_1_160' title='bbox 337 2508 572 2588; x_wconf 84' lang='lat' dir='ltr'>optime,</span> <span class='ocrx_word' id='word_1_161' title='bbox 594 2511 863 2592; x_wconf 81' lang='lat' dir='ltr'>quoniam</span> <span class='ocrx_word' id='word_1_162' title='bbox 878 2512 1015 2573; x_wconf 81' lang='lat' dir='ltr'>haec</span> <span class='ocrx_word' id='word_1_163' title='bbox 1036 2503 1113 2573; x_wconf 83' lang='lat' dir='ltr'>est</span> <span class='ocrx_word' id='word_1_164' title='bbox 1124 2511 1270 2589; x_wconf 73' lang='lat' dir='ltr'>vita,</span> <span class='ocrx_word' id='word_1_165' title='bbox 1288 2506 1387 2584; x_wconf 87' lang='lat' dir='ltr'>(ut</span> <span class='ocrx_word' id='word_1_166' title='bbox 1400 2510 1545 2573; x_wconf 76' lang='lat' dir='ltr'>Affi-</span> 
     </span>
    </p>
   </div>
  </div>
 </body>
</html>
