1725 3042
296 152 592 211 LIBER
635 150 1095 207 TERTIUS.
1244 166 1363 227 ¹93

155 255 335 331 dinis„
357 274 542 334 neque
573 273 726 313 more
756 268 917 332 turpe
947 250 1159 326 haberi,
1190 258 1371 331 neque

161 358 260 404 aut
268 343 394 420 iege
409 340 608 400 sanciri
624 340 852 416 autjure
866 336 1041 411 civiI‘13
1061 354 1254 399 tamen
1268 360 1371 399 na·

163 446 324 491 turae
339 429 456 506 lege
469 426 736 487 sancitum
761 425 836 485 est
851 448 867 485 ε
888 422 1117 485 societas
1130 427 1283 487 enim
1298 424 1375 488 est

164 515 354 597 (quod
367 513 463 575 etfi
477 510 632 595 saepe
647 513 850 573 dietum
866 511 963 588 est,
984 512 1279 573 dicendum
1294 528 1376 573 ta·

166 622 300 663 men
323 600 398 661 est
427 598 682 681 saepius)
719 598 965 657 latiffime
986 598 1211 679 quidem
1232 620 1373 681 quae

167 704 378 771 pateat,
410 688 662 747 omnium
693 686 842 745 inter
870 706 1102 757 omnen
1142 688 1377 751 interior

169 794 388 850 eorum,
411 776 508 853 qui
524 769 762 850 ejusdem
778 774 963 849 gentis
982 770 1133 844 sunt;
1146 776 1379 853 propior

167 882 388 937 eorum,
405 863 502 939 qui
517 856 757 937 ejusdem
772 860 1037 919 civitatis,
1054 861 1245 937 itaque
1260 880 1376 919 ma·

167 950 323 1029 iores
347 946 494 1006 aliud
511 947 604 1023 jus
621 946 895 1024 gentium,
926 944 1073 1004 aliud
1087 946 1182 1023 jus
1219 946 1381 1011 civile

172 1034 280 1095 effe
309 1032 636 1093 voluerunt=
680 1031 834 1113 quod
866 1030 1051 1108 civile,
1088 1052 1209 1093 non
1232 1033 1380 1095 idem

173 1122 449 1183 continuo
465 1118 895 1198 gentium5quod
910 1134 1091 1179 autem
1106 1123 1381 1198 gentium,

173 1209 321 1269 idem
337 1206 499 1268 civile
513 1205 616 1267 effe
631 1206 810 1265 debet.
860 1204 951 1265 sed
968 1227 1077 1267 nos
1104 1208 1379 1287 verijuris

173 1314 578 1375 germanaeque
593 1292 832 1370 justitiae
849 1290 1072 1351 solidam
1088 1309 1144 1352 et
1158 1293 1381 1373 expres-

173 1380 290 1442 sa'm
313 1380 548 1459 effigiem
572 1378 780 1437 nullam
802 1394 1083 1439 tenemus:
1109 1382 1305 1441 umbra
1324 1396 1384 1443 et

173 1469 508 1546 imaginibus
533 1468 768 1525 utimur:
793 1484 887 1524 eas
910 1463 1051 1545 ipsas
1074 1469 1286 1527 utinam
1301 1466 1382 1527 se·

171 1574 468 1636 queremur
485 1557 499 1611 !
520 1551 772 1611 feruntur
787 1553 937 1609 enim
954 1572 1026 1609 ex
1040 1556 1267 1631 optimis
1282 1576 1385 1615 nae

172 1656 333 1701 turae
343 1638 630 1717 principiis
643 1651 700 1693 et
708 1637 959 1695 veritatis
966 1638 1229 1717 exemplis
1237 1661 1387 1701 ,nam

173 1726 378 1807 quanti
411 1724 580 1783 verba
609 1720 736 1782 illa!
784 1721 804 1753 ‘
829 1718 911 1781 {iti
944 1744 1015 1782 ne
1044 1741 1272 1805 propter
1304 1742 1383 1804 te,

174 1814 196 1847 ‘
223 1810 460 1871 fidemve
481 1825 630 1869 tuam
646 1823 836 1888 captus
851 1809 1195 1872 fraudatusve
1210 1812 1383 1875 fiemz‘

176 1919 346 1979 quam
361 1898 454 1957 illa
470 1918 630 1957 aurea
647 1900 661 1955 Ξ
692 1895 712 1927 ‘
729 1912 792 1955 ut
806 1899 955 1957 inter
968 1901 1151 1959 bonos
1167 1903 1307 1963 bene
1324 1924 1383 1962 a·

176 1986 198 2019 ‘
221 1988 342 2063 gier
357 2000 604 2065 oportet,
625 1999 683 2042 et
703 1981 816 2042 fine
829 1984 1221 2047 fraudatione!
1268 1988 1384 2067 sed,

175 2074 276 2153 qui
291 2070 396 2131 fint
410 2074 570 2145 boni,
592 2087 652 2129 et
665 2069 800 2150 quid
813 2069 880 2130 fit
894 2074 1035 2132 bene
1050 2077 1161 2151 agi,
1182 2097 1385 2153 magna

177 2156 419 2239 quaestio
435 2157 530 2219 est.
569 2166 680 2233 Qu.
699 2157 925 2236 quidem
940 2160 1220 2236 Scaevola,
1236 2184 1382 2243 pon·-

176 2245 320 2304 tifex
337 2242 901 2318 maximus,summam
916 2247 1033 2305 vim
1048 2247 1267 2309 dicebat
1280 2250 1385 2311 essb

175 2332 240 2391 in
258 2334 515 2391 omnibus
539 2333 608 2388 iis
633 2332 897 2405 arbitriisz,
920 2334 981 2390 in
998 2336 1196 2412 quibus
1216 2337 1381 2395 adde-

173 2432 353 2492 retur,
373 2418 391 2449 ‘
403 2439 478 2476 ex
487 2416 594 2477 fide
608 2419 758 2475 bona
771 2420 813 2489 ;'
830 2417 1065 2498 fideique
1080 2424 1261 2480 bonae
1276 2442 1381 2481 no-

174 2524 308 2565 men
323 2502 668 2567 existimabat
689 2523 913 2565 manare
934 2504 1195 2585 latissime,
1218 2508 1383 2586 idque
1450 2574 1461 2584 ,

753 2712 776 2743 5
