1725 3042
317 112 404 173 80
557 112 690 170 DE
733 111 1290 172 AMICITIA.

317 210 518 295 hospes
529 212 764 277 familiae
775 214 1001 292 vestrae,
1014 217 1299 293 Scaevola,
1313 238 1451 279 cum
1464 219 1547 280 ad

317 320 436 377 me,
457 302 554 380 qui
575 300 793 363 aderam
816 305 1051 365 Laenati
1064 320 1121 363 et
1136 304 1363 384 Rupilio
1386 326 1547 367 con-

316 384 526 449 salibus
550 390 610 447 in
633 388 889 467 confilio,
908 390 1257 471 deprecatum
1274 390 1545 468 venisset,

319 475 486 549 lunc,
509 490 574 534 ut
601 473 696 535 fibi
719 474 1080 555 ignoscerem,
1098 474 1313 537 causam
1334 477 1541 537 affere-

320 561 440 636 bat,
461 560 614 641 quod
636 565 782 623 tanti
804 564 943 625 Tib.
962 566 1273 623 Gracchum
1301 562 1539 641 fecisset,

319 645 678 729 ut,quidquid
691 647 784 709 ille
793 650 980 723 vellet,
994 646 1091 708 fibi
1100 646 1415 709 faciendum
1424 670 1537 730 pu-

321 748 500 809 taret3
526 750 646 795 tum
659 756 789 814 ego,
817 735 1077 810 etiamne,
1100 733 1139 793 fi
1154 750 1209 793 te
1224 737 1286 794 in
1302 738 1541 816 Capito-

322 820 460 881 lium
473 818 619 882 faces
641 820 987 883 fen-evellet?
1022 821 1041 852 ‘
1058 840 1375 901 nunquam,
1392 826 1408 850 ²
1442 826 1539 883 in·

321 910 470 987 quit,
492 907 512 940 ‘
527 906 782 969 voluiffitt
793 907 852 969 id
866 907 1134 989 quidem?
1178 906 1291 982 sed,
1308 906 1351 967 fi
1366 910 1537 970 voln-

321 992 470 1054 iffet?
495 992 516 1027 ‘
534 993 860 1076 pai-niffen?
890 995 1117 1071 videtis,
1140 1014 1307 1073 quam
1324 996 1539 1056 nefaria

319 1100 462 1141 vox.
509 1095 568 1141 et
593 1080 772 1141 hercle
798 1083 879 1141 ita
900 1080 1053 1157 feeit,
1078 1080 1169 1141 vel
1188 1081 1313 1160 plus
1336 1083 1538 1158 etiam,

323 1184 491 1247 quam
519 1165 682 1227 dixit.
727 1185 851 1227 non
881 1170 1032 1227 enim
1062 1168 1245 1248 paruit
1265 1165 1355 1225 ille
1384 1172 1531 1229 Tib.

323 1254 564 1315 Gracchi
595 1254 910 1329 temeritati,
933 1252 1021 1313 sed
1054 1252 1317 1333 praefuit:
1346 1274 1451 1313 nec
1482 1254 1539 1315 se

323 1342 586 1401 eonfitem
599 1340 742 1399 illius
755 1339 979 1415 sutoria,
994 1338 1085 1399 sed
1099 1339 1291 1399 ducem
1306 1344 1543 1420 praebu-

323 1428 391 1487 it.
439 1430 626 1507 itaque
646 1429 748 1485 hac
765 1429 1030 1501 amentia,
1050 1424 1365 1506 quaestione
1380 1446 1539 1489 nova

321 1514 672 1595 perterritus,
697 1512 760 1573 in
777 1511 959 1573 Afiam
974 1512 1244 1593 profugit,
1268 1513 1339 1572 ad
1350 1512 1537 1574 hostes

322 1596 382 1661 se
395 1598 657 1674 contulit,
671 1618 881 1679 poenas
896 1600 1225 1678 reipublicae
1238 1620 1435 1677 graves
1445 1601 1541 1677 ju-

261 1695 266 1699 ’
323 1683 530 1766 stasque
543 1682 827 1767 persolvit.
874 1684 1029 1745 nulla
1042 1685 1115 1745 est
1128 1687 1297 1763 igitur
1308 1684 1535 1747 excusa·

323 1773 410 1831 tio
424 1770 692 1851 peccatI,fi
707 1773 869 1831 amici
884 1768 1037 1831 causa
1048 1772 1537 1851 peccaverismam,

325 1878 452 1918 cum
482 1855 834 1918 conciliatrix
862 1858 1133 1917 amicitiae
1160 1858 1387 1916 virtutis
1410 1860 1533 1937 opi·

327 1946 427 2005 nio
441 1942 628 2019 fuerit,
649 1942 873 2003 difficile
892 1942 969 2002 est
982 1944 1275 2003 amicitiam
1288 1961 1533 2020 manere,

323 2030 415 2091 fia
427 2033 633 2093 virtute
645 2028 937 2091 defeceris.
986 2028 1139 2108 quod
1152 2028 1191 2088 fi
1209 2033 1417 2089 rectum
1434 2028 1535 2089 sta-

323 2120 614 2193 tuerimus,
629 2115 722 2180 vel
737 2114 1035 2176 concedere
1050 2115 1533 2195 amids,quidquid

323 2202 527 2279 velint,
543 2203 634 2262 vel
648 2203 941 2282 impetrare
956 2203 1025 2260 ab
1038 2204 1133 2277 iis,
1148 2201 1421 2281 quidquid
1438 2224 1530 2262 ve-

323 2289 512 2363 limus,
535 2288 770 2369 perfeaesta
791 2287 1013 2367 quidem
1035 2286 1299 2368 sapientia
1319 2283 1526 2363 sumus,

211 2434 222 2445 ‚
322 2373 366 2435 fi
381 2374 519 2435 nihil
535 2376 740 2433 habeat
761 2376 854 2433 res'
876 2375 1030 2433 vitii:
1054 2372 1145 2435 sed
1166 2373 1447 2453 loquimur
1460 2375 1525 2437 de

324 2460 392 2521 iis
407 2461 620 2539 unicis,
643 2461 740 2545 qui
755 2475 886 2521 ante
901 2460 1097 2522 oculos
1112 2458 1261 2537 sunt,
1284 2480 1429 2543 quos
1440 2463 1523 2521 vi-
