1725 3042
367 176 408 235 4
584 159 1361 218 nEsENEcTUTE.

364 256 524 319 aiunt
531 279 650 317 eam
659 258 820 317 citius
831 277 997 336 quam
1010 258 1563 341 putaffent.primum,

363 348 490 427 quis
507 348 692 422 coligit
707 364 804 403 eos
827 342 1021 403 falsum
1039 348 1271 424 putare?
1296 352 1393 426 qui
1418 351 1565 409 enim

363 434 528 494 citius
543 430 937 491 adolescentiae
956 428 1223 508 senectus,
1244 452 1413 513 quam
1432 454 1562 515 pue·

359 520 517 579 ritiae
539 516 905 577 adolescentia
932 518 1188 597 obrepit?
1226 519 1447 598 deinde,
1468 526 1562 602 qui

360 606 548 665 minus
577 606 760 681 gravis
789 602 929 663 ess'et
950 604 1021 662 iis
1042 602 1307 681 senectus,
1330 604 1370 665 fi
1385 611 1561 668 offin-

359 690 718 771 gentefimum
734 709 947 751 'annum
962 705 1213 769 agerent,
1226 712 1393 771 quam
1410 700 1563 754 octo-

359 777 658 858 gefimum?
684 778 978 858 praeterita
1000 779 1153 836 enim
1176 794 1348 854 aetas,
1373 790 1569 859 quam'-

359 869 450 926 vis
465 866 656 945 longa,
677 884 802 923 cum
817 862 1123 938 effluxisset,
1146 864 1301 924 nulla
1316 866 1565 927 consola-

357 955 518 1013 tione
538 950 872 1033 permulcere
894 948 1066 1030 poss‘et
1087 949 1301 1011 stultam
1324 951 1565 1014 senectu-

361 1055 494 1101 tem.
535 1040 798 1118 quocirca
811 1035 852 1095 fi
868 1036 1185 1117 sapientiam
1200 1058 1377 1099 meam
1394 1041 1567 1101 a'dmi-

359 1129 472 1187 rari
485 1125 695 1199 soletis,
705 1123 876 1205 (quae
890 1126 1103 1183 utinam
1118 1124 1289 1202 digna
1300 1124 1429 1186 esset
1441 1131 1569 1209 opi-

358 1216 532 1275 nione
547 1210 738 1285 vestra,
763 1211 1063 1291 nostroque
1076 1214 1417 1290 cognomine
1430 1219 1483 1291 l)
1508 1218 1570 1276 in

357 1304 468 1363 hoc
483 1298 664 1361 sumus
688 1297 986 1379 sapientes,
1011 1298 1169 1379 quod
1194 1316 1444 1360 naturam
1464 1322 1571 1384 op·

359 1392 550 1449 timam
565 1388 758 1447 ducem
761 1403 1050 1464 ‚tanquam
1064 1385 1249 1463 deum,
1268 1385 1574 1467 sequimur,

357 1478 520 1557 eique
533 1494 815 1557 paremus:
840 1496 873 1533 a
890 1494 999 1553 qua
1020 1494 1137 1533 non
1163 1472 1449 1533 verisimile
1472 1476 1575 1553 est,

357 1584 484 1625 cum
499 1577 736 1623 caeterae
759 1576 941 1641 partes
964 1563 1157 1619 aetatis
1179 1562 1318 1620 bene
1331 1558 1575 1643 descrip-

356 1658 448 1711 ‘tac
477 1649 602 1725 sint,
635 1664 939 1707 extremum
968 1652 1166 1721 aetum,
1204 1662 1471 1726 tanquam
1505 1652 1579 1711 ab

355 1738 522 1797 inerti
553 1738 740 1815 po’e'ta,
763 1732 867 1793 effe
894 1732 1218 1809 neglectum.
1268 1731 1357 1792 sed
1380 1748 1581 1795 tamen

357 1819 566 1883 necess'e
591 1821 698 1881 fuit
726 1818 832 1879 effe
866 1820 1076 1898 aliquid
1102 1835 1407 1881 extremum
1426 1863 1447 1895 ,
1488 1838 1581 1897 et,

358 1926 625 1991 tanquam
660 1911 720 1969 in
759 1911 1019 1967 arborum
1054 1908 1234 1968 baccis
1281 1921 1581 1986 terraeque

355 1997 944 2076 frugibus,maturitate
962 1994 1297 2073 tempestiva,
1314 1992 1468 2071 quasi
1482 1997 1582 2053 vi-

355 2102 508 2145 etum
523 2101 579 2144 et
593 2078 1033 2159 caducumtquod
1045 2080 1328 2139 ferendum
1338 2078 1409 2137 est
1420 2080 1582 2141 mol-

355 2171 482 2229 liter
497 2170 747 2249 sapienti.
783 2168 918 2247 quid
934 2169 1080 2227 enim
1094 2166 1172 2225 est
1186 2164 1353 2237 aliud,
1369 2166 1581 2243 gigan-

357 2272 476 2317 tum
497 2254 666 2315 modo
690 2255 892 2315 bellare
910 2274 1035 2313 cum
1056 2251 1186 2327 diis,
1215 2250 1313 2311 nifi
1336 2268 1585 2311 naturae

355 2343 684 2422 repugnare?
719 2348 810 2401 LA
825 2361 860 2399 E
872 2362 909 2401 1.
930 2362 947 2399 1
968 2360 1005 2399 u
1020 2361 1045 2399 s
1056 2384 1071 2399 .
1086 2342 1262 2418 atqui,
1275 2346 1585 2414 Cato,gra-

356 2430 606 2489 tissimum
615 2430 868 2503 nobiS‚ut
882 2429 1051 2493 etiam
1061 2447 1167 2506 pro
1174 2428 1430 2503 Scipione
1440 2424 1585 2504 pol-

347 2514 536 2591 licear,
559 2513 772 2590 feceris,
787 2513 850 2591 fi,
859 2514 1125 2593 quoniam
1140 2510 1413 2594 speramus
1430 2512 1587 2584 (vo-
