1725 3042
356 127 485 197 ,216
702 128 823 185 DE
869 124 1294 186 OFFICIIS

355 229 535 295 muffa
560 230 861 290 cruciatum
891 226 1116 289 subierit
1141 220 1585 293 voluntarium?
1683 206 1685 225 Ι

356 340 489 379 nam
504 315 656 397 quod
678 318 855 390 aiunt,
881 316 899 347 ‘
923 316 1156 373 minima
1177 314 1248 375 de
1261 318 1460 393 malis,
1481 323 1498 349 ⁹
1521 320 1588 380 id·
1603 328 1620 333 ”

356 404 454 481 est,
478 420 539 463 ut
552 404 787 481 turpiter
800 404 1011 480 potius,
1033 420 1201 479 quam
1224 403 1579 465 calamitose:
1685 464 1687 469 .

356 512 433 552 ιιιι
446 489 523 549 est
548 488 725 549 ullum
746 489 926 565 majus
949 488 1154 547 malum
1175 492 1576 569 turpitudine?
1685 482 1687 485 Α

356 596 501 659 quae
512 573 555 633 fi
568 577 628 633 in
640 573 994 635 ,deformitate
1007 577 1264 653 corporis
1280 579 1457 637 habet
1473 579 1575 637 ali-

356 662 493 745 quid
516 659 859 733 offenfionis,
883 677 1092 739 quanta
1113 660 1208 719 illa
1237 661 1574 741 depravatio

358 767 421 812 et
430 748 665 811 foeditas
670 746 977 827 turpificati
991 748 1162 807 animi
1177 746 1346 806 debet
1359 750 1572 809 videri?
1687 770 1689 795 ι

359 840 571 917 itaque,
592 832 874 893 nervofius
905 836 1004 913 qui
1033 832 1130 891 ista
1159 832 1460 911 differunt,
1483 836 1569 896 so.
1585 868 1598 874 -
1677 830 1690 855 ⁴

360 925 480 985 lum
490 920 699 981 audent
710 919 917 979 malum
931 920 1114 979 dicere
1129 919 1210 993 id,
1233 921 1396 998 quod
1411 938 1570 1009 turpe

360 1011 460 1083 fit3
486 1010 583 1089 qui
612 1024 793 1067 autem
818 1006 1104 1080 remiffius,
1137 1008 1196 1065 hi
1225 1022 1420 1067 tamen
1445 1030 1568 1069 ιιοιι

360 1098 617 1159 dubitant
626 1093 892 1155 summum
907 1092 1112 1151 malum
1123 1090 1328 1153 dicere.
1351 1089 1568 1155 nami!-

362 1184 459 1247 lud
480 1181 725 1263 quidem,

370 1275 605 1349 .Neque
618 1267 950 1345 dedi,neque
963 1263 1040 1325 do
1049 1220 1214 1325 fidem
1225 1264 1438 1327 infideli
1449 1268 1562 1329 cui-

402 1404 408 1413 .
492 1376 679 1435 quam,

362 1444 575 1505 idcireo
598 1444 740 1501 reste
756 1461 789 1499 a
804 1440 1006 1520 Ροὲῐιι;
1041 1440 1192 1519 quia,
1223 1459 1349 1501 cum
1365 1446 1561 1501 mela·

362 1546 515 1593 retur
538 1534 762 1602 Atreus,
784 1522 1045 1607 personae
1067 1523 1410 1587 serviendum
1435 1529 1558 1588 fuit.
1621 1598 1632 1607 .

362 1616 507 1681 sedfi
522 1619 629 1675 hoc
650 1613 745 1675 fibi
763 1612 1004 1686 sumunt,
1026 1612 1234 1671 nullam
1257 1612 1362 1673 effe
1375 1613 1561 1692 fidem,

256 1700 263 1709 ’
362 1726 505 1785 quae
518 1701 727 1763 infideli
740 1701 870 1760 data
891 1698 979 1774 fit,
1002 1698 1226 1759 videant
1249 1721 1322 1759 ne
1335 1720 1561 1779 quaera-

362 1790 675 1856 turlatebra
690 1788 956 1867 perjurio.
999 1784 1074 1844 est
1089 1781 1269 1845 alitem
1287 1788 1383 1863 jus
1399 1789 1561 1847 etiam
1605 1806 1630 1845 ‘x

362 1872 912 1952 bellicum,fidesque
890 1872 1253 1975 jurisjurandi
1269 1872 1424 1953 saepe
1435 1894 1560 1933 cum

361 1962 515 2029 hoste
542 1959 827 2023 servanda.
875 1958 1028 2037 quod
1048 1960 1198 2017 enim
1219 1961 1296 2017 ita
1317 1960 1558 2037 juratum

362 2050 463 2126 est,
484 2065 549 2111 ut
568 2070 729 2109 mens
744 2048 1062 2125 conciperet
1075 2044 1192 2103 fieri
1208 2062 1486 2125 oportere,
1501 2045 1556 2105 id

362 2136 695 2204 servandum
707 2134 782 2194 est
796 2156 812 2194 ι
844 2130 1000 2212 quod
1013 2130 1194 2205 aliter,
1217 2130 1331 2191 idfi
1345 2153 1466 2193 non
1479 2133 1553 2193 fe-

362 2226 529 2296 ocris,
552 2222 769 2281 nullum
788 2218 863 2279 est
885 2219 1217 2298 perjurium:
1243 2234 1328 2293 ut,
1351 2218 1390 2277 fi
1404 2238 1552 2299 prae-

362 2309 605 2371 donibus
628 2312 843 2386 paetum
865 2325 968 2385 pro
991 2306 1168 2384 capite
1190 2306 1426 2383 pretium
1441 2326 1552 2367 non

362 2394 613 2457 attuleris
616 2392 793 2467 ,nulla
804 2392 954 2451 fraus
971 2390 1140 2463 est‚ne
1155 2388 1195 2449 fi
1202 2392 1424 2467 juratus
1437 2395 1551 2473 qui-

361 2480 493 2547 dem
510 2478 575 2547 id
598 2500 721 2547 ιιοιι
744 2480 969 2543 fecerisz
993 2498 1123 2543 nam
1145 2478 1328 2561 pirata
1349 2500 1466 2545 ιιοιι
1483 2479 1552 2545 est
