1725 3042
339 204 420 267 68
685 206 742 261 D
758 202 806 259 E
855 206 907 259 Ο
923 204 969 259 F
984 202 1029 258 F
1046 203 1075 258 I
1092 200 1138 257 C
1154 203 1183 258 1
1199 202 1229 257 1
1246 200 1283 257 S

334 308 602 368 vitiorum
629 300 848 362 suorum
874 301 1117 381 judicem
1146 302 1434 383 praebeat3
1470 296 1543 361 ne

335 392 559 455 scaenici
571 390 693 472 plus
717 410 885 469 quam
907 410 1015 447 nos
1036 387 1329 449 videantur
1348 390 1547 447 habere

338 479 656 562 prudentiae
668 499 686 535 t
703 476 782 535 illi
797 478 946 535 enim
961 496 1080 533 non
1096 476 1364 555 optimas,
1380 472 1471 533 sed
1486 472 1547 533 fi-

336 568 393 633 bi
430 562 997 624 accommodatissimas
1042 557 1251 620 fabulas
1296 559 1543 637 eligunt3

337 653 436 732 qui
459 670 596 710 voce
625 649 751 709 freti
771 646 931 725 sunt,
953 648 1265 733 Epigon08‚
1292 644 1551 706 Medum·

337 754 469 819 que3
489 737 584 816 qui
599 733 768 813 gestu,
785 732 1177 813 Menalippam,
1197 730 1553 810 Clytaemne-

339 822 496 884 stram
511 846 529 896 3
553 820 762 902 semper
777 820 1039 894 Rutilius,
1055 840 1219 900 quem
1233 839 1341 895 ego
1358 820 1554 884 menni-³

339 912 423 986 ni,
449 911 780 989 Antiopam3
807 926 927 965 non
952 903 1105 986 saepe
1127 903 1381 984 Aesopus
1416 905 1554 984 Aja-

339 1017 479 1057 cem.
523 1015 660 1072 ergo
685 992 872 1052 histrio
895 996 1004 1051 hoc
1024 992 1232 1052 videbit
1252 992 1314 1050 in
1338 988 1555 1067 scaena,

219 1140 231 1159 ,
341 1103 460 1143 non
481 1081 690 1141 videbit
709 1081 798 1140 vir
817 1078 1030 1157 sapiens
1054 1081 1115 1137 in
1138 1078 1292 1138 vita?
1320 1077 1392 1136 ad
1418 1098 1558 1157 quas

340 1170 508 1246 igitur
530 1188 616 1227 res
644 1164 891 1247 aptissimi
912 1166 1138 1239 erimus,
1170 1166 1231 1223 in
1254 1164 1323 1223 iis
1345 1164 1559 1243 potissi-

342 1270 494 1316 mum
509 1253 933 1312 elaborabimus:
957 1249 1035 1309 fin
1053 1249 1351 1330 aliquando
1369 1248 1561 1309 neces-

341 1339 468 1403 sitas
485 1360 593 1399 nos
615 1339 682 1399 ad
705 1358 767 1396 ea
787 1335 1096 1411 detruserit,
1120 1356 1260 1416 quae
1275 1334 1455 1395 nostri
1470 1337 1561 1394 in-

341 1428 488 1505 genii
519 1446 636 1484 non
665 1440 858 1497 erunt;
902 1425 1087 1482 omnis
1119 1420 1427 1481 adhibenda
1454 1422 1563 1482 erit

343 1532 494 1586 cura,
519 1511 824 1585 meditatio,
847 1508 1153 1587 diligentia,
1174 1523 1241 1566 ut
1260 1529 1345 1583 αι,
1370 1506 1413 1567 fi
1437 1528 1563 1569 non

343 1597 560 1673 decore,
587 1612 642 1656 at
663 1616 830 1676 quam
853 1597 1079 1655 minime
1099 1594 1359 1655 indecore
1378 1594 1563 1655 facere

344 1685 622 1768 possimus.
669 1704 772 1743 nec
787 1699 901 1742 tam
922 1679 995 1739 est
1009 1681 1353 1757 enitendum,
1376 1697 1443 1741 ut
1455 1683 1563 1741 bo-

345 1794 441 1847 na,
467 1790 605 1851 quae
622 1771 784 1828 nobis
807 1769 935 1828 data
956 1790 1075 1827 non
1092 1766 1217 1842 fint,
1242 1764 1559 1846 sequamur,

345 1876 510 1935 quam
525 1870 588 1913 ut
603 1856 737 1915 vitia
750 1855 1043 1932 fugiamus.
1154 1860 1239 1912 Ac
1260 1853 1473 1913 duabus
1490 1855 1562 1913 iis
1583 1868 1634 1914 32

343 1940 616 2023 personis,
634 1960 772 2020 quas
788 1940 950 2021 supra
964 1940 1106 2014 dixi,
1127 1941 1288 1998 tertia
1302 1939 1390 2018 adj
1396 1942 1564 2019 ungi-

347 2043 463 2105 tur,
479 2048 642 2109 quam
660 2024 810 2088 casus
825 2028 1021 2105 aliquis
1038 2040 1133 2085 aut
1148 2041 1367 2106 tempus
1383 2028 1566 2106 impo-

345 2118 435 2175 nit
452 2139 468 2175 ε
483 2130 680 2195 quarta
692 2114 877 2188 etiam,
892 2134 1060 2193 quam
1076 2110 1345 2171 nobismet
1360 2110 1454 2192 ipfi
1465 2114 1562 2190 ju·

345 2202 498 2262 dicio
523 2200 710 2260 nostro
733 2196 1233 2261 accommodamus.
1283 2219 1413 2259 nam
1434 2220 1561 2277 reg·

325 2306 445 2364 na,
467 2288 712 2367 imperia,
746 2286 1083 2360 nobilitata,
1120 2288 1393 2361 honores,
1414 2284 1561 2345 divi·

343 2374 475 2447 tiae,
499 2392 658 2451 opes,
682 2392 877 2450 eaque,
902 2392 1043 2451 quae
1066 2370 1193 2430 sunt
1213 2372 1300 2431 his
1330 2386 1561 2431 contra·

349 2458 453 2530 ria,
484 2460 543 2514 in
567 2456 689 2515 casu
717 2455 836 2530 fita,
876 2458 1214 2535 temporibus
1242 2460 1563 2534 gubernan-

347 2552 470 2597 tur-e
486 2539 582 2619 ipfi
595 2554 775 2599 autem
787 2558 973 2617 gerere
984 2560 1152 2619 quam
1165 2539 1455 2622 personam
1466 2561 1564 2603 vo
