1725 3042
425 120 714 185 mnan
757 120 1137 183 FRIUUS.
1302 136 1383 207 u

183 310 270 387 fi,
284 326 436 377 utu
449 306 938 375 *occasuve-du
952 309 1175 390 quiden
1188 316 1395 382 nott-int

183 395 590 476 exuamus
613 394 852 461 mutua
866 395 963 461 fine
984 418 1047 461 ea
1068 395 1391 467 Pofidmim

185 481 728 563 αιὶῌηρωῑκι
742 480 925 547 sedita
944 500 1087 549 tetra
1104 486 1393 565 quandam,

186 574 270 631 ita
298 569 588 644 obscoena,
611 584 681 635 ut
693 569 844 635 dista
861 572 1397 649 qnoque-viduant

190 659 394 738 turpia.
441 658 572 715 haec
601 657 766 731 igitur
798 676 919 713 non
949 656 1189 735 suscipiet
1212 661 1393 739 reipu-

190 744 363 804 blicae
388 740 594 801 eauffaz
619 761 690 798 ne
720 740 1013 819 respublica
1040 743 1255 820 quidem
1288 766 1392 821 pro

191 828 248 891 se
276 827 470 908 suscipi
499 826 671 887 volet.
719 824 806 885 sed
837 830 944 886 hoc
971 828 1315 887 commodius
1344 828 1397 891 se

191 937 282 978 res
296 918 480 989 habet,
501 912 654 993 quod
675 932 794 972 non
817 912 996 993 potest
1016 914 1254 974 accidere
1267 931 1401 975 tem-

189 1024 320 1087 pus,
331 1020 395 1062 ut
407 996 616 1060 interfit
631 999 953 1080 reipublicae
968 1000 1263 1081 quidquam
1278 1000 1398 1063 illo·-

189 1110 318 1151 rum
334 1089 505 1148 facere
519 1085 828 1167 sapientem.
876 1107 1045 1166 quare
1058 1091 1165 1146 hoc
1178 1088 1396 1168 quidem

193 1174 446 1236 effectum
459 1172 545 1250 fit,
560 1175 617 1233 in
633 1173 828 1232 officiis
842 1172 1137 1251 deligendis
1154 1175 1207 1233 id
1224 1196 1399 1253 genus

195 1262 508 1323 officiorum
535 1256 815 1335 excellere,
847 1259 1001 1339 quod
1020 1277 1268 1319 teneatur
1296 1266 1400 1321 ho-

195 1351 416 1411 minum
458 1345 707 1409 societate
726 1367 743 1406 τ
780 1347 987 1405 etenim
1025 1348 1403 1425 cognitionem

196 1435 656 1517 prudentiamque
683 1430 925 1513 sequitur
950 1431 1283 1492 considerata
1312 1454 1402 1495 ac-

197 1524 286 1583 tio
305 1544 325 1595 3
351 1523 427 1580 ita
441 1521 525 1595 fit,
542 1536 605 1579 ut
619 1540 772 1596 agere
785 1516 1118 1579 confidet-ate
1130 1519 1301 1600 pluris
1315 1518 1405 1597 fit,

193 1626 370 1689 quam
383 1608 620 1684 cogitare
635 1604 947 1684 prudenter.
962 1622 1129 1686 atque
1141 1609 1271 1665 haec
1281 1608 1405 1686 qui·

197 1697 330 1756 dem
358 1696 647 1751 hactenus:
670 1690 961 1771 patefactus
984 1690 1059 1751 est
1078 1694 1226 1750 enim
1247 1690 1403 1751 locus

199 1778 340 1863 ipse,
363 1793 426 1838 ut
439 1799 557 1838 non
574 1777 637 1838 fit
651 1776 866 1836 difficile
879 1779 939 1836 in
954 1778 1299 1859 exquirendo
1313 1777 1404 1840 of·

203 1868 356 1943 ficio,
377 1865 532 1945 quod
547 1867 740 1945 cuique
761 1862 826 1923 fit
839 1864 1310 1944 praeponendum,
1327 1865 1411 1925 vi-

205 1952 356 2014 dere.
412 1954 473 2010 in
509 1950 619 2032 ipsa
645 1967 824 2009 autem
854 1953 1249 2009 communitate
1277 1949 1408 2010 sunt

205 2039 406 2119 gradus
436 2038 768 2111 officiorum,
789 2059 862 2097 ex
884 2038 1105 2115 quibus,
1129 2036 1263 2116 quid
1293 2037 1410 2096 cui·

207 2147 320 2207 que
332 2125 577 2207 praestet,
591 2114 817 2201 intelligi
834 2122 993 2204 possit
1006 2145 1023 2181 t
1038 2139 1101 2181 ut
1116 2124 1291 2202 prima
1306 2122 1411 2183 diis

101 2246 122 2263 ·
205 2211 628 2285 immortalibus,
652 2208 881 2269 secunda
894 2211 1119 2288 patriae,
1141 2211 1301 2268 tertia
1314 2230 1413 2289 pa·-

207 2301 486 2373 rentibus„
506 2296 763 2377 deinceps
785 2294 1050 2373 gradatim
1072 2295 1279 2375 reliqua
1289 2294 1413 2354 reli-

207 2387 337 2466 quis
354 2384 672 2445 debeantur.
705 2384 905 2461 quibus
920 2403 992 2441 ω(
1005 2384 1161 2441 rebus
1176 2382 1417 2440 breviter

205 2469 500 2557 disputatis
526 2468 758 2548 intelligi
787 2466 985 2551 potest,
1010 2488 1132 2530 non
1152 2464 1327 2527 solum
1356 2460 1417 2525 id
