1725 3042
438 174 1095 235 PARADoxm
1306 191 1427 251 ιη

205 288 316 353 tes,
353 272 690 333 iracundiam
723 286 932 346 teneat,
962 273 1217 332 coie'rceat
1247 274 1429 332 avari·
1522 286 1527 293 ·

207 362 366 434 tiam,
389 374 628 420 caeteras
646 360 816 420 animi
846 357 996 418 labes
1023 356 1281 438 repellat:
1307 372 1433 420 tum.

206 447 437 528 incipiat
468 446 587 506 aliis
611 448 894 528 imperare,
918 466 1043 506 cum
1074 441 1187 526 ipse
1216 446 1427 523 impro-

207 534 426 595 bissimis
448 532 713 609 dominiS,
753 532 1008 593 dedecori
1038 554 1102 593 ac
1125 528 1425 611 turpitudi-

206 621 272 681 ni
299 641 490 702 parere
527 618 756 681 deflerit.
820 620 954 681 dum
991 617 1212 699 quidem
1244 619 1331 677 his
1364 639 1427 679 o-

207 707 414 783 bediet,
451 726 574 766 non
604 704 776 766 modo
807 706 1130 785 imperator,
1167 703 1256 763 sed
1285 704 1429 766 liber

207 792 490 855 habendus
508 795 746 859 omnino
761 810 883 851 non
898 790 1025 851 erit.
1074 787 1347 871 praeclare
1364 810 1424 851 e-

207 881 330 940 nim
346 876 420 939 est
433 880 541 939 hoc
556 876 871 959 usurpatum
886 898 918 937 a
932 874 1263 951 ἆοᾶἱίῐῑιηίε,
1284 894 1425 957 quo-

207 982 335 1025 rum
349 966 671 1025 auetoritate
690 983 812 1025 non
833 979 1037 1039 uterer,
1058 962 1099 1023 fi
1120 964 1253 1023 mihi
1277 963 1423 1044 apud

207 1051 426 1132 aliquos
457 1050 686 1131 agrestes
709 1054 842 1112 haec
872 1048 1120 1111 habenda
1140 1046 1268 1109 efflet
1297 1070 1423 1111 ora·

207 1139 314 1199 tio.
373 1159 499 1201 cum
527 1160 666 1200 vero
695 1138 841 1220 apud
862 1136 1304 1219 prudentissimos
1332 1136 1421 1197 lo-

208 1245 381 1304 quar,
418 1226 618 1306 quibus
645 1229 781 1285 haec
816 1224 1065 1284 inaudita
1092 1242 1214 1284 non
1251 1222 1419 1285 suntz

207 1333 312 1373 cur
323 1332 429 1390 ego
442 1310 708 1387 fimulem,
722 1332 831 1385 me,
847 1307 887 1369 fi
904 1309 1037 1389 quid
1053 1312 1112 1369 in
1128 1310 1215 1369 his
1232 1308 1420 1370 studiis

207 1418 409 1479 operae
436 1396 732 1480 posuerim,
770 1392 1081 1478 perdidisse?
1121 1394 1325 1455 dietum
1346 1392 1421 1457 est

209 1487 379 1565 igitur
405 1488 473 1546 ab
501 1484 858 1546 eruditissimis
888 1484 1051 1559 viria,
1088 1478 1185 1543 nifi
1207 1479 1421 1563 sapien·

207 1588 322 1633 tem
322 1572 575 1649 ,liberum
588 1568 692 1632 effe
706 1572 1004 1631 neminem.
1031 1569 1165 1651 quid
1179 1568 1254 1629 est
1268 1571 1421 1631 enim

207 1656 461 1721 libertas?
485 1656 718 1740 potestas
731 1656 982 1730 vivendi,
1004 1670 1069 1715 ut
1082 1654 1243 1715 velis.
1291 1656 1419 1735 quis

208 1745 381 1824 igitur
399 1746 565 1821 vivit,
587 1759 651 1804 ut
671 1744 823 1804 vult?
850 1740 949 1801 nifi
965 1742 1063 1821 qui
1084 1747 1226 1802 reeta
1242 1736 1421 1821 sequi-

211 1844 326 1908 tur,
351 1834 448 1911 qui
475 1830 673 1910 gaudet
703 1828 915 1905 officio,
951 1831 1040 1889 cui
1069 1826 1295 1890 vivendi
1324 1827 1421 1889 via

211 1915 548 1980 considerata
563 1932 730 1998 atque
743 1912 964 1998 provisa
978 1914 1080 1975 est:
1100 1917 1195 1996 qui
1208 1913 1421 1993 legibus

211 2004 431 2087 quidem
449 2026 566 2065 non
581 2020 810 2087 propter
825 2018 1033 2064 metum
1044 2000 1310 2083 paret‚sed
1325 2020 1419 2061 eas

211 2088 458 2171 sequitur
470 2108 634 2172 atque
655 2091 810 2165 colit,
834 2091 963 2170 quia
984 2088 1040 2148 id
1058 2085 1287 2149 salutare
1301 2106 1420 2148 ma-

210 2181 364 2241 xime
377 2176 700 2257 eistjudicat
714 2200 730 2237 ε
748 2178 843 2256 qui
859 2174 1000 2236 nihil
1014 2174 1168 2252 dicit,
1192 2173 1330 2236 nihil
1343 2174 1423 2236 fa-

211 2266 313 2340 cit,
337 2264 476 2324 nihil
489 2266 694 2343 cogitat
708 2263 967 2345 denique,
991 2260 1089 2323 nifi
1111 2261 1341 2323 libenter
1355 2277 1422 2322 ae

212 2352 413 2415 libere:
439 2351 596 2431 cujus
613 2352 803 2413 omnia
819 2349 1065 2424 consilia,
1088 2346 1281 2431 resque
1296 2368 1421 2407 om·-

212 2456 340 2513 neS,
382 2457 520 2517 quas
550 2439 714 2517 gerit,
737 2439 807 2496 ab
828 2435 947 2517 ipso
978 2432 1421 2517 proficiscuntur,

214 2522 520 2607 eodemque
531 2522 805 2590 ferunturz
821 2542 928 2587 nec
941 2520 1017 2589 est
1028 2520 1142 2583 ulla
1155 2538 1265 2600 κε,
1282 2534 1425 2602 quae
