1725 3042
394 119 1369 199 PARADOXA'.141

159 231 416 297 quaerat,
442 214 582 274 nihil
594 230 838 297 appetat,
862 215 1001 275 nihil
1012 230 1170 297 optet
1184 218 1379 305 ampli·

159 322 259 363 ua.
309 304 526 361 animus
549 318 774 381 oportet
794 320 923 361 tuus
940 300 993 361 se
1008 302 1219 379 judicet
1232 304 1375 363 divi-

163 406 306 459 tem,
330 409 449 447 non
466 390 756 448 hominum
769 388 945 448 sermo
949 429 968 461 ,
986 408 1167 468 neque
1180 388 1378 469 poffes-

163 473 352 534 fiones
382 490 536 534 tuae·
521 519 537 534 .
563 475 703 533 nihil
727 474 824 535 fibi
845 473 1021 534 deeffe
1039 491 1215 554 putet,
1238 477 1379 539 nihil

163 576 327 621 curet
338 560 594 641 amplius.
619 558 842 621 satiatus
855 560 952 635 est,
968 577 1063 621 aut
1076 578 1377 623 contentus

163 649 335 707 etiam
373 649 630 728 pecunia?
671 649 945 720 concedo,
976 648 1131 709 dives
1158 669 1240 710 es.
1295 648 1377 711 fin

166 750 354 794 autem
376 754 606 813 propter
627 734 944 793 aviditatem
965 738 1225 813 pecuniae
1248 736 1375 793 nul-

166 820 290 881 lum
306 819 580 899 quaestum
594 836 808 899 turpem
825 836 1011 899 putas,
1032 840 1156 879 cum
1180 820 1261 879 isti
1279 841 1376 881 or-

164 906 288 967 dini
305 927 376 964 ne
389 904 644 966 honestus
661 906 885 985 quidem
901 906 1058 986 poffit
1072 904 1174 966 effe
1190 906 1333 967 ullus
1350 930 1369 969 ε

163 992 206 1053 fi
223 993 472 1073 quotidie
488 992 732 1066 fraudas,
747 992 977 1071 decipis,
986 991 1191 1071 poscis,
1201 992 1373 1072 pacis-

163 1081 328 1152 ceris,
351 1077 550 1152 aufers,
566 1080 764 1157 eripis:
789 1078 829 1139 fi
846 1077 1024 1140 socios
1040 1075 1261 1159 spolias,
1284 1101 1375 1141 ae·

163 1168 370 1225 ratium
397 1165 637 1246 expilas:
661 1162 702 1223 fi
725 1162 1043 1227 testamenta
1072 1168 1375 1229 amicorum

161 1251 464 1333 exspeetas,
479 1267 577 1311 aut
591 1272 661 1311 ne
673 1250 953 1332 exspefias
968 1253 1189 1331 quidem
1193 1269 1272 1325 ,at
1285 1257 1371 1333 ip·

166 1337 222 1399 se
235 1336 531 1420 supponisz
555 1342 688 1398 haec
708 1354 895 1399 utrum
916 1339 1271 1411 abundantis,
1294 1359 1371 1399 an

165 1427 378 1504 egentis
399 1424 550 1503 figna
571 1424 726 1485 sunt?
752 1428 969 1485 animus
994 1426 1261 1498 hominis,
1282 1424 1368 1485 di-

166 1533 288 1585 ves,
313 1534 434 1572 non
463 1532 588 1571 arca
615 1511 875 1593 appellari
908 1511 1065 1573 solet.
1111 1514 1369 1591 qumvis

164 1596 258 1659 illa
272 1598 336 1658 fit
351 1598 534 1678 plena,
550 1598 680 1659 dum
696 1615 750 1658 te
762 1601 985 1659 inanem
1000 1597 1223 1671 videbo,
1234 1598 1375 1661 divi-

165 1699 279 1745 tem
293 1706 414 1745 non
430 1686 659 1765 putabo,
689 1688 893 1745 etenim
906 1708 981 1747 ex
994 1707 1061 1745 eo
1067 1699 1372 1765 ,quantum

166 1774 364 1852 cuique
379 1771 504 1831 satis
520 1770 616 1847 est,
638 1774 941 1832 metiuntur
956 1773 1209 1832 homines
1224 1770 1369 1834 divi-

166 1860 362 1919 tiarum
377 1859 623 1919 modum.
668 1858 836 1919 filiam
853 1862 979 1938 quis
996 1858 1184 1919 habet?
1202 1876 1370 1937 pecu-

166 1946 260 2005 nia
271 1944 344 2004 est
365 1964 530 2025 opus.
562 1944 728 2004 duas?
752 1948 985 2024 majore.
1020 1946 1225 2023 plures?
1246 1962 1363 2003 ma-

155 2032 284 2111 jore
303 2034 486 2091 etiam.
523 2047 588 2105 ,et
617 2029 677 2106 fi,
702 2047 763 2092 ut
788 2033 969 2106 aiunt,
991 2032 1173 2091 Danai
1198 2031 1365 2109 quin⁹

164 2120 429 2199 quaginta
463 2116 569 2177 fint
597 2117 770 2191 filiae;
797 2134 886 2178 tot
916 2118 1077 2177 dotes
1110 2136 1365 2193 magnam

164 2220 436 2284 quaerunt
449 2206 756 2283 pecuniam.
803 2221 1071 2285 quantum
1088 2203 1237 2261 enim
1251 2202 1367 2261 cui·

163 2311 271 2371 que
283 2312 424 2370 opus
439 2288 535 2364 est,
551 2291 616 2350 ad
630 2290 690 2349 id
705 2291 1170 2365 accommodatur,
1185 2303 1248 2347 ut
1264 2308 1363 2346 an-

160 2392 220 2436 te
232 2377 368 2452 dixi,
383 2377 698 2437 divitiarum
713 2377 935 2439 modus..
954 2378 1049 2459 qui
1062 2377 1226 2452 igitur
1242 2392 1362 2431 non

162 2462 300 2527 filias
313 2464 496 2545 plures
500 2506 522 2545 ,
544 2461 634 2528 sed
653 2463 1079 2529 innumerabiles
1092 2456 1363 2543 cupidita·
