<?xml version="1.0" encoding="UTF-8"?>
<!DOCTYPE html PUBLIC "-//W3C//DTD XHTML 1.0 Transitional//EN"
    "http://www.w3.org/TR/xhtml1/DTD/xhtml1-transitional.dtd">
<html xmlns="http://www.w3.org/1999/xhtml" xml:lang="en" lang="en">
 <head>
  <title>
</title>
<meta http-equiv="Content-Type" content="text/html;charset=utf-8" />
  <meta name='ocr-system' content='tesseract 3.04.00' />
  <meta name='ocr-capabilities' content='ocr_page ocr_carea ocr_par ocr_line ocrx_word'/>
</head>
<body>
  <div class='ocr_page' id='page_1' title='image "./mtulliiciceroni09unkngoog/mtulliiciceroni09unkngoog_0389.png"; bbox 0 0 1725 3042; ppageno 0'>
   <div class='ocr_carea' id='block_1_1' title="bbox 173 184 1421 2621">
    <p class='ocr_par' dir='ltr' id='par_1_1' title="bbox 173 184 1421 2621">
     <span class='ocr_line' id='line_1_1' title="bbox 173 184 1381 269; baseline -0.001 -26"><span class='ocrx_word' id='word_1_1' title='bbox 173 258 184 269; x_wconf 44' lang='lat'><strong>·</strong></span> <span class='ocrx_word' id='word_1_2' title='bbox 365 189 410 243; x_wconf 80' lang='grc' dir='ltr'>Ρ</span> <span class='ocrx_word' id='word_1_3' title='bbox 441 187 492 242; x_wconf 74' lang='lat' dir='ltr'>A</span> <span class='ocrx_word' id='word_1_4' title='bbox 521 186 575 243; x_wconf 82' lang='lat' dir='ltr'>R</span> <span class='ocrx_word' id='word_1_5' title='bbox 603 184 654 241; x_wconf 74' lang='lat' dir='ltr'>A</span> <span class='ocrx_word' id='word_1_6' title='bbox 683 186 742 243; x_wconf 88' lang='lat' dir='ltr'><strong>D</strong></span> <span class='ocrx_word' id='word_1_7' title='bbox 774 187 824 242; x_wconf 94' lang='lat'><em>0</em></span> <span class='ocrx_word' id='word_1_8' title='bbox 853 186 912 240; x_wconf 81' lang='lat' dir='ltr'><strong>x</strong></span> <span class='ocrx_word' id='word_1_9' title='bbox 942 184 1018 241; x_wconf 82' lang='lat' dir='ltr'><strong>A.</strong></span> <span class='ocrx_word' id='word_1_10' title='bbox 1264 196 1289 241; x_wconf 85' lang='lat'>1</span> <span class='ocrx_word' id='word_1_11' title='bbox 1306 196 1381 255; x_wconf 75' lang='lat'><strong>27</strong></span> 
     </span>
     <span class='ocr_line' id='line_1_2' title="bbox 181 280 1387 367; baseline -0.005 -18"><span class='ocrx_word' id='word_1_12' title='bbox 181 282 311 363; x_wconf 69' lang='lat' dir='ltr'><strong>emt,</strong></span> <span class='ocrx_word' id='word_1_13' title='bbox 327 298 423 345; x_wconf 69' lang='lat' dir='ltr'><strong>aut</strong></span> <span class='ocrx_word' id='word_1_14' title='bbox 437 286 622 345; x_wconf 86' lang='lat' dir='ltr'><strong>minus</strong></span> <span class='ocrx_word' id='word_1_15' title='bbox 639 308 656 345; x_wconf 72' lang='grc' dir='ltr'><em>ε</em></span> <span class='ocrx_word' id='word_1_16' title='bbox 677 284 853 367; x_wconf 85' lang='lat' dir='ltr'><strong>ipsum</strong></span> <span class='ocrx_word' id='word_1_17' title='bbox 870 282 1092 365; x_wconf 83' lang='lat' dir='ltr'><strong>quidem</strong></span> <span class='ocrx_word' id='word_1_18' title='bbox 1107 280 1243 343; x_wconf 82' lang='lat' dir='ltr'><strong>illud</strong></span> <span class='ocrx_word' id='word_1_19' title='bbox 1259 304 1387 363; x_wconf 84' lang='lat' dir='ltr'><strong>pec·</strong></span> 
     </span>
     <span class='ocr_line' id='line_1_3' title="bbox 183 368 1392 453; baseline -0.003 -18"><span class='ocrx_word' id='word_1_20' title='bbox 183 388 331 449; x_wconf 78' lang='lat' dir='ltr'><strong>care,</strong></span> <span class='ocrx_word' id='word_1_21' title='bbox 361 388 593 453; x_wconf 84' lang='lat' dir='ltr'><strong>quoquo</strong></span> <span class='ocrx_word' id='word_1_22' title='bbox 623 374 885 449; x_wconf 82' lang='lat' dir='ltr'><strong>verteris,</strong></span> <span class='ocrx_word' id='word_1_23' title='bbox 922 390 1097 431; x_wconf 86' lang='lat' dir='ltr'><strong>unum</strong></span> <span class='ocrx_word' id='word_1_24' title='bbox 1124 368 1221 431; x_wconf 81' lang='lat' dir='ltr'><strong>est.</strong></span> <span class='ocrx_word' id='word_1_25' title='bbox 1268 373 1392 431; x_wconf 81' lang='lat' dir='ltr'><strong>auri</strong></span> 
     </span>
     <span class='ocr_line' id='line_1_4' title="bbox 181 457 1391 541; baseline -0.002 -20"><span class='ocrx_word' id='word_1_26' title='bbox 181 476 388 521; x_wconf 82' lang='lat' dir='ltr'><strong>navem</strong></span> <span class='ocrx_word' id='word_1_27' title='bbox 401 475 613 521; x_wconf 79' lang='lat' dir='ltr'><strong>evertat</strong></span> <span class='ocrx_word' id='word_1_28' title='bbox 626 463 984 541; x_wconf 84' lang='lat' dir='ltr'><strong>gubernator,</strong></span> <span class='ocrx_word' id='word_1_29' title='bbox 1007 480 1079 519; x_wconf 84' lang='lat' dir='ltr'><strong>an</strong></span> <span class='ocrx_word' id='word_1_30' title='bbox 1093 457 1309 539; x_wconf 77' lang='lat' dir='ltr'><strong>paleae3</strong></span> <span class='ocrx_word' id='word_1_31' title='bbox 1327 460 1391 519; x_wconf 87' lang='lat' dir='ltr'><strong>in</strong></span> 
     </span>
     <span class='ocr_line' id='line_1_5' title="bbox 183 542 1392 628; baseline -0.002 -19"><span class='ocrx_word' id='word_1_32' title='bbox 183 566 244 609; x_wconf 85' lang='lat' dir='ltr'><strong>re</strong></span> <span class='ocrx_word' id='word_1_33' title='bbox 258 546 741 628; x_wconf 85' lang='lat' dir='ltr'><strong>aliquantulum,in</strong></span> <span class='ocrx_word' id='word_1_34' title='bbox 758 547 1140 625; x_wconf 79' lang='lat' dir='ltr'><strong>gubernatoris</strong></span> <span class='ocrx_word' id='word_1_35' title='bbox 1154 542 1392 607; x_wconf 80' lang='lat' dir='ltr'><strong>inscien-</strong></span> 
     </span>
     <span class='ocr_line' id='line_1_6' title="bbox 183 632 1393 715; baseline -0.003 -21"><span class='ocrx_word' id='word_1_36' title='bbox 183 636 264 694; x_wconf 71' lang='lat' dir='ltr'><strong>tia</strong></span> <span class='ocrx_word' id='word_1_37' title='bbox 287 632 426 695; x_wconf 83' lang='lat' dir='ltr'><strong>nihil</strong></span> <span class='ocrx_word' id='word_1_38' title='bbox 448 632 690 694; x_wconf 84' lang='lat' dir='ltr'><strong>interest.</strong></span> <span class='ocrx_word' id='word_1_39' title='bbox 736 633 881 715; x_wconf 83' lang='lat' dir='ltr'><strong>lapsa</strong></span> <span class='ocrx_word' id='word_1_40' title='bbox 902 632 977 694; x_wconf 86' lang='lat' dir='ltr'><strong>est</strong></span> <span class='ocrx_word' id='word_1_41' title='bbox 993 633 1199 693; x_wconf 85' lang='lat' dir='ltr'><strong>libido</strong></span> <span class='ocrx_word' id='word_1_42' title='bbox 1184 654 1245 693; x_wconf 87' lang='lat' dir='ltr'><strong>m</strong></span> <span class='ocrx_word' id='word_1_43' title='bbox 1268 654 1393 691; x_wconf 87' lang='lat' dir='ltr'><strong>mu-</strong></span> 
     </span>
     <span class='ocr_line' id='line_1_7' title="bbox 180 720 1391 801; baseline -0.002 -19.995"><span class='ocrx_word' id='word_1_44' title='bbox 180 720 318 781; x_wconf 78' lang='lat' dir='ltr'><strong>liere</strong></span> <span class='ocrx_word' id='word_1_45' title='bbox 348 721 573 797; x_wconf 83' lang='lat' dir='ltr'><strong>ignota·</strong></span> <span class='ocrx_word' id='word_1_46' title='bbox 611 720 777 780; x_wconf 76' lang='lat' dir='ltr'><strong>dolor</strong></span> <span class='ocrx_word' id='word_1_47' title='bbox 811 720 881 779; x_wconf 85' lang='lat' dir='ltr'><strong>ad</strong></span> <span class='ocrx_word' id='word_1_48' title='bbox 908 721 1193 801; x_wconf 73' lang='lat' dir='ltr'><strong>pauciores</strong></span> <span class='ocrx_word' id='word_1_49' title='bbox 1216 720 1391 801; x_wconf 80' lang='lat' dir='ltr'><strong>perti-</strong></span> 
     </span>
     <span class='ocr_line' id='line_1_8' title="bbox 182 802 1398 886; baseline -0.001 -18"><span class='ocrx_word' id='word_1_50' title='bbox 182 822 319 881; x_wconf 78' lang='lat' dir='ltr'><strong>net,</strong></span> <span class='ocrx_word' id='word_1_51' title='bbox 356 822 523 885; x_wconf 80' lang='lat' dir='ltr'><strong>quam</strong></span> <span class='ocrx_word' id='word_1_52' title='bbox 552 804 592 865; x_wconf 85' lang='lat' dir='ltr'>fi</span> <span class='ocrx_word' id='word_1_53' title='bbox 622 805 877 886; x_wconf 75' lang='lat' dir='ltr'><strong>petulans</strong></span> <span class='ocrx_word' id='word_1_54' title='bbox 910 804 1090 865; x_wconf 73' lang='lat' dir='ltr'><strong>fuiss‘et</strong></span> <span class='ocrx_word' id='word_1_55' title='bbox 1117 806 1179 865; x_wconf 81' lang='lat' dir='ltr'><strong>in</strong></span> <span class='ocrx_word' id='word_1_56' title='bbox 1210 802 1398 886; x_wconf 66' lang='lat' dir='ltr'><strong>aliqua</strong></span> 
     </span>
     <span class='ocr_line' id='line_1_9' title="bbox 182 890 1399 975; baseline 0.002 -25"><span class='ocrx_word' id='word_1_57' title='bbox 182 890 452 973; x_wconf 76' lang='lat' dir='ltr'><strong>generosa</strong></span> <span class='ocrx_word' id='word_1_58' title='bbox 465 912 529 953; x_wconf 86' lang='lat' dir='ltr'><strong>ac</strong></span> <span class='ocrx_word' id='word_1_59' title='bbox 543 893 717 952; x_wconf 81' lang='lat' dir='ltr'><strong>nobili</strong></span> <span class='ocrx_word' id='word_1_60' title='bbox 733 894 974 971; x_wconf 83' lang='lat' dir='ltr'><strong>virgine.</strong></span> <span class='ocrx_word' id='word_1_61' title='bbox 996 892 1247 975; x_wconf 78' lang='lat' dir='ltr'><strong>peccavit</strong></span> <span class='ocrx_word' id='word_1_62' title='bbox 1258 908 1399 953; x_wconf 72' lang='lat' dir='ltr'><strong>vero</strong></span> 
     </span>
     <span class='ocr_line' id='line_1_10' title="bbox 186 976 1399 1061; baseline 0.002 -20"><span class='ocrx_word' id='word_1_63' title='bbox 186 978 584 1053; x_wconf 78' lang='lat' dir='ltr'><strong>nihilominus,</strong></span> <span class='ocrx_word' id='word_1_64' title='bbox 605 976 644 1039; x_wconf 82' lang='lat' dir='ltr'>fi</span> <span class='ocrx_word' id='word_1_65' title='bbox 659 980 879 1061; x_wconf 83' lang='lat' dir='ltr'><strong>quidem</strong></span> <span class='ocrx_word' id='word_1_66' title='bbox 902 979 977 1041; x_wconf 88' lang='lat' dir='ltr'><strong>est</strong></span> <span class='ocrx_word' id='word_1_67' title='bbox 1000 994 1248 1061; x_wconf 83' lang='lat' dir='ltr'><strong>peccare,</strong></span> <span class='ocrx_word' id='word_1_68' title='bbox 1270 992 1399 1043; x_wconf 75' lang='lat' dir='ltr'><strong>tan-</strong></span> 
     </span>
     <span class='ocr_line' id='line_1_11' title="bbox 189 1064 1399 1149; baseline 0.002 -24"><span class='ocrx_word' id='word_1_69' title='bbox 189 1080 358 1148; x_wconf 79' lang='lat' dir='ltr'><strong>quam</strong></span> <span class='ocrx_word' id='word_1_70' title='bbox 391 1064 658 1129; x_wconf 80' lang='lat' dir='ltr'><strong>tranfillre</strong></span> <span class='ocrx_word' id='word_1_71' title='bbox 685 1067 890 1129; x_wconf 80' lang='lat' dir='ltr'><strong>lineas:</strong></span> <span class='ocrx_word' id='word_1_72' title='bbox 925 1066 1078 1149; x_wconf 88' lang='lat' dir='ltr'><strong>quod</strong></span> <span class='ocrx_word' id='word_1_73' title='bbox 1106 1086 1232 1128; x_wconf 87' lang='lat' dir='ltr'><strong>cum</strong></span> <span class='ocrx_word' id='word_1_74' title='bbox 1254 1064 1399 1129; x_wconf 85' lang='lat' dir='ltr'><strong>fece-</strong></span> 
     </span>
     <span class='ocr_line' id='line_1_12' title="bbox 187 1150 1399 1237; baseline -0.003 -20"><span class='ocrx_word' id='word_1_75' title='bbox 187 1155 293 1230; x_wconf 72' lang='lat' dir='ltr'><strong>ris,</strong></span> <span class='ocrx_word' id='word_1_76' title='bbox 309 1154 472 1235; x_wconf 82' lang='lat' dir='ltr'><strong>culpa</strong></span> <span class='ocrx_word' id='word_1_77' title='bbox 485 1150 764 1216; x_wconf 76' lang='lat' dir='ltr'><strong>commiss‘a</strong></span> <span class='ocrx_word' id='word_1_78' title='bbox 777 1156 874 1217; x_wconf 70' lang='lat' dir='ltr'><strong>esta</strong></span> <span class='ocrx_word' id='word_1_79' title='bbox 900 1170 1065 1237; x_wconf 81' lang='lat' dir='ltr'><strong>quam</strong></span> <span class='ocrx_word' id='word_1_80' title='bbox 1080 1154 1250 1234; x_wconf 81' lang='lat' dir='ltr'><strong>longe</strong></span> <span class='ocrx_word' id='word_1_81' title='bbox 1263 1174 1399 1235; x_wconf 82' lang='lat' dir='ltr'><strong>pro·</strong></span> 
     </span>
     <span class='ocr_line' id='line_1_13' title="bbox 190 1240 1401 1324; baseline 0.002 -25"><span class='ocrx_word' id='word_1_82' title='bbox 190 1240 440 1324; x_wconf 74' lang='lat' dir='ltr'><strong>grediare</strong></span> <span class='ocrx_word' id='word_1_83' title='bbox 453 1278 473 1316; x_wconf 89' lang='lat'><strong><em>,</em></strong></span> <span class='ocrx_word' id='word_1_84' title='bbox 509 1256 635 1302; x_wconf 84' lang='lat' dir='ltr'><strong>cum</strong></span> <span class='ocrx_word' id='word_1_85' title='bbox 666 1240 826 1301; x_wconf 83' lang='lat' dir='ltr'><strong>semel</strong></span> <span class='ocrx_word' id='word_1_86' title='bbox 855 1240 1128 1303; x_wconf 70' lang='lat' dir='ltr'><strong>transieris</strong></span> <span class='ocrx_word' id='word_1_87' title='bbox 1143 1285 1162 1316; x_wconf 91' lang='lat'>‚</span> <span class='ocrx_word' id='word_1_88' title='bbox 1200 1240 1271 1301; x_wconf 74' lang='lat' dir='ltr'><strong>ad</strong></span> <span class='ocrx_word' id='word_1_89' title='bbox 1300 1260 1401 1301; x_wconf 77' lang='lat' dir='ltr'><strong>au-</strong></span> 
     </span>
     <span class='ocr_line' id='line_1_14' title="bbox 189 1324 1397 1409; baseline 0.002 -25"><span class='ocrx_word' id='word_1_90' title='bbox 189 1326 428 1409; x_wconf 76' lang='lat' dir='ltr'><strong>gendam</strong></span> <span class='ocrx_word' id='word_1_91' title='bbox 458 1324 776 1387; x_wconf 81' lang='lat' dir='ltr'><strong>transeundi</strong></span> <span class='ocrx_word' id='word_1_92' title='bbox 810 1326 1029 1407; x_wconf 82' lang='lat' dir='ltr'><strong>culpam</strong></span> <span class='ocrx_word' id='word_1_93' title='bbox 1059 1326 1197 1385; x_wconf 77' lang='lat' dir='ltr'><strong>nihii</strong></span> <span class='ocrx_word' id='word_1_94' title='bbox 1224 1328 1397 1407; x_wconf 82' lang='lat' dir='ltr'><strong>perti·-</strong></span> 
     </span>
     <span class='ocr_line' id='line_1_15' title="bbox 193 1412 1406 1495; baseline 0.002 -22"><span class='ocrx_word' id='word_1_95' title='bbox 193 1428 316 1473; x_wconf 80' lang='lat' dir='ltr'><strong>net.</strong></span> <span class='ocrx_word' id='word_1_96' title='bbox 373 1426 598 1495; x_wconf 82' lang='lat' dir='ltr'><strong>peccare</strong></span> <span class='ocrx_word' id='word_1_97' title='bbox 635 1429 782 1475; x_wconf 82' lang='lat' dir='ltr'><strong>certe</strong></span> <span class='ocrx_word' id='word_1_98' title='bbox 811 1412 940 1474; x_wconf 87' lang='lat' dir='ltr'><strong>licet</strong></span> <span class='ocrx_word' id='word_1_99' title='bbox 970 1415 1200 1474; x_wconf 82' lang='lat' dir='ltr'><strong>nemini.</strong></span> <span class='ocrx_word' id='word_1_100' title='bbox 1248 1412 1406 1493; x_wconf 76' lang='lat' dir='ltr'><strong>qnod</strong></span> 
     </span>
     <span class='ocr_line' id='line_1_16' title="bbox 193 1496 1405 1577; baseline 0.002 -18"><span class='ocrx_word' id='word_1_101' title='bbox 193 1515 378 1559; x_wconf 81' lang='lat' dir='ltr'><strong>autem</strong></span> <span class='ocrx_word' id='word_1_102' title='bbox 401 1516 521 1563; x_wconf 84' lang='lat' dir='ltr'><strong>non</strong></span> <span class='ocrx_word' id='word_1_103' title='bbox 552 1500 700 1577; x_wconf 80' lang='lat' dir='ltr'><strong>licet,</strong></span> <span class='ocrx_word' id='word_1_104' title='bbox 723 1501 782 1561; x_wconf 88' lang='lat' dir='ltr'><strong>id</strong></span> <span class='ocrx_word' id='word_1_105' title='bbox 813 1504 919 1561; x_wconf 88' lang='lat' dir='ltr'><strong>hoc</strong></span> <span class='ocrx_word' id='word_1_106' title='bbox 950 1516 1067 1561; x_wconf 84' lang='lat' dir='ltr'><strong>uno</strong></span> <span class='ocrx_word' id='word_1_107' title='bbox 1098 1514 1341 1576; x_wconf 83' lang='lat' dir='ltr'><strong>tenetur,</strong></span> <span class='ocrx_word' id='word_1_108' title='bbox 1360 1496 1405 1561; x_wconf 82' lang='lat' dir='ltr'>fi</span> 
     </span>
     <span class='ocr_line' id='line_1_17' title="bbox 189 1584 1408 1666; baseline 0.002 -20"><span class='ocrx_word' id='word_1_109' title='bbox 189 1590 444 1665; x_wconf 74' lang='lat' dir='ltr'>arguitur</span> <span class='ocrx_word' id='word_1_110' title='bbox 460 1608 578 1647; x_wconf 89' lang='lat' dir='ltr'><strong>non</strong></span> <span class='ocrx_word' id='word_1_111' title='bbox 596 1584 783 1650; x_wconf 83' lang='lat' dir='ltr'><strong>licere.</strong></span> <span class='ocrx_word' id='word_1_112' title='bbox 827 1588 885 1647; x_wconf 86' lang='lat' dir='ltr'><strong>id</strong></span> <span class='ocrx_word' id='word_1_113' title='bbox 901 1586 939 1647; x_wconf 84' lang='lat' dir='ltr'>fi</span> <span class='ocrx_word' id='word_1_114' title='bbox 956 1607 1058 1649; x_wconf 88' lang='lat' dir='ltr'><strong>nec</strong></span> <span class='ocrx_word' id='word_1_115' title='bbox 1074 1589 1275 1666; x_wconf 79' lang='lat' dir='ltr'><strong>majus,</strong></span> <span class='ocrx_word' id='word_1_116' title='bbox 1299 1608 1408 1649; x_wconf 85' lang='lat' dir='ltr'><strong>nee</strong></span> 
     </span>
     <span class='ocr_line' id='line_1_18' title="bbox 191 1672 1407 1754; baseline -0.002 -19"><span class='ocrx_word' id='word_1_117' title='bbox 191 1676 378 1735; x_wconf 75' lang='lat' dir='ltr'><strong>minus</strong></span> <span class='ocrx_word' id='word_1_118' title='bbox 401 1690 650 1754; x_wconf 78' lang='lat' dir='ltr'><strong>unquam</strong></span> <span class='ocrx_word' id='word_1_119' title='bbox 674 1672 791 1734; x_wconf 84' lang='lat' dir='ltr'><strong>fieri</strong></span> <span class='ocrx_word' id='word_1_120' title='bbox 813 1672 1007 1754; x_wconf 86' lang='lat' dir='ltr'><strong>potest,</strong></span> <span class='ocrx_word' id='word_1_121' title='bbox 1032 1674 1328 1753; x_wconf 87' lang='lat' dir='ltr'><strong>(quoniam</strong></span> <span class='ocrx_word' id='word_1_122' title='bbox 1343 1675 1407 1733; x_wconf 74' lang='lat' dir='ltr'><strong>in</strong></span> 
     </span>
     <span class='ocr_line' id='line_1_19' title="bbox 194 1757 1406 1841; baseline -0.002 -20"><span class='ocrx_word' id='word_1_123' title='bbox 194 1777 266 1821; x_wconf 85' lang='lat' dir='ltr'><strong>eo</strong></span> <span class='ocrx_word' id='word_1_124' title='bbox 283 1758 356 1818; x_wconf 82' lang='lat' dir='ltr'><strong>est</strong></span> <span class='ocrx_word' id='word_1_125' title='bbox 373 1776 679 1841; x_wconf 82' lang='lat' dir='ltr'><strong>peecatum,</strong></span> <span class='ocrx_word' id='word_1_126' title='bbox 693 1760 732 1821; x_wconf 81' lang='lat' dir='ltr'><strong>fi</strong></span> <span class='ocrx_word' id='word_1_127' title='bbox 749 1782 866 1821; x_wconf 89' lang='lat' dir='ltr'><strong>non</strong></span> <span class='ocrx_word' id='word_1_128' title='bbox 882 1760 1069 1821; x_wconf 85' lang='lat' dir='ltr'><strong>licuit·</strong></span> <span class='ocrx_word' id='word_1_129' title='bbox 1053 1804 1072 1834; x_wconf 87' lang='lat'><strong><em>,</em></strong></span> <span class='ocrx_word' id='word_1_130' title='bbox 1098 1760 1251 1840; x_wconf 82' lang='lat' dir='ltr'><strong>qnod</strong></span> <span class='ocrx_word' id='word_1_131' title='bbox 1266 1757 1406 1819; x_wconf 86' lang='lat' dir='ltr'><strong>sem·</strong></span> 
     </span>
     <span class='ocr_line' id='line_1_20' title="bbox 196 1846 1405 1928; baseline 0.002 -24"><span class='ocrx_word' id='word_1_132' title='bbox 196 1863 298 1927; x_wconf 82' lang='lat' dir='ltr'><strong>per</strong></span> <span class='ocrx_word' id='word_1_133' title='bbox 313 1866 484 1905; x_wconf 86' lang='lat' dir='ltr'><strong>unum</strong></span> <span class='ocrx_word' id='word_1_134' title='bbox 489 1859 565 1921; x_wconf 88' lang='lat' dir='ltr'><strong>,et</strong></span> <span class='ocrx_word' id='word_1_135' title='bbox 580 1846 720 1906; x_wconf 86' lang='lat' dir='ltr'><strong>idem</strong></span> <span class='ocrx_word' id='word_1_136' title='bbox 739 1846 840 1924; x_wconf 82' lang='lat' dir='ltr'><strong>est)</strong></span> <span class='ocrx_word' id='word_1_137' title='bbox 856 1865 996 1927; x_wconf 88' lang='lat' dir='ltr'><strong>quae</strong></span> <span class='ocrx_word' id='word_1_138' title='bbox 1011 1868 1083 1906; x_wconf 85' lang='lat' dir='ltr'><strong>ex</strong></span> <span class='ocrx_word' id='word_1_139' title='bbox 1097 1866 1163 1905; x_wconf 89' lang='lat' dir='ltr'><strong>eo</strong></span> <span class='ocrx_word' id='word_1_140' title='bbox 1179 1862 1405 1928; x_wconf 85' lang='lat' dir='ltr'><strong>peccata</strong></span> 
     </span>
     <span class='ocr_line' id='line_1_21' title="bbox 194 1927 1409 2013; baseline 0.002 -22.005"><span class='ocrx_word' id='word_1_141' title='bbox 194 1930 521 2006; x_wconf 82' lang='lat' dir='ltr'><strong>nascuntur,</strong></span> <span class='ocrx_word' id='word_1_142' title='bbox 545 1932 791 2013; x_wconf 84' lang='lat' dir='ltr'><strong>aequalia</strong></span> <span class='ocrx_word' id='word_1_143' title='bbox 821 1927 928 1992; x_wconf 83' lang='lat' dir='ltr'><strong>fint</strong></span> <span class='ocrx_word' id='word_1_144' title='bbox 957 1948 1203 2013; x_wconf 83' lang='lat' dir='ltr'><strong>oportet.</strong></span> <span class='ocrx_word' id='word_1_145' title='bbox 1252 1933 1409 2011; x_wconf 82' lang='lat' dir='ltr'><strong>quod</strong></span> 
     </span>
     <span class='ocr_line' id='line_1_22' title="bbox 197 2012 1408 2101; baseline 0.001 -23.002"><span class='ocrx_word' id='word_1_146' title='bbox 197 2015 238 2085; x_wconf 85' lang='lat' dir='ltr'>fi</span> <span class='ocrx_word' id='word_1_147' title='bbox 269 2021 504 2079; x_wconf 78' lang='lat' dir='ltr'><strong>virtutes</strong></span> <span class='ocrx_word' id='word_1_148' title='bbox 535 2038 690 2101; x_wconf 79' lang='lat' dir='ltr'><strong>pares</strong></span> <span class='ocrx_word' id='word_1_149' title='bbox 716 2018 880 2081; x_wconf 88' lang='lat' dir='ltr'><strong>sunt</strong></span> <span class='ocrx_word' id='word_1_150' title='bbox 866 2034 1009 2078; x_wconf 77' lang='lat' dir='ltr'><strong>inter</strong></span> <span class='ocrx_word' id='word_1_151' title='bbox 1030 2018 1105 2095; x_wconf 86' lang='lat' dir='ltr'><strong>se,</strong></span> <span class='ocrx_word' id='word_1_152' title='bbox 1130 2022 1277 2100; x_wconf 81' lang='lat' dir='ltr'><strong>paria</strong></span> <span class='ocrx_word' id='word_1_153' title='bbox 1301 2012 1408 2079; x_wconf 76' lang='lat' dir='ltr'><strong>effe</strong></span> 
     </span>
     <span class='ocr_line' id='line_1_23' title="bbox 176 2102 1411 2188; baseline 0.002 -25"><span class='ocrx_word' id='word_1_154' title='bbox 176 2106 367 2167; x_wconf 80' lang='lat' dir='ltr'><strong>&#39;etiam</strong></span> <span class='ocrx_word' id='word_1_155' title='bbox 395 2106 542 2169; x_wconf 69' lang='lat' dir='ltr'><strong>vitia</strong></span> <span class='ocrx_word' id='word_1_156' title='bbox 563 2103 766 2166; x_wconf 77' lang='lat' dir='ltr'><strong>necess&#39;e</strong></span> <span class='ocrx_word' id='word_1_157' title='bbox 795 2105 891 2165; x_wconf 84' lang='lat' dir='ltr'><strong>est.</strong></span> <span class='ocrx_word' id='word_1_158' title='bbox 939 2108 1094 2188; x_wconf 85' lang='lat' dir='ltr'><strong>atqui</strong></span> <span class='ocrx_word' id='word_1_159' title='bbox 1115 2124 1273 2188; x_wconf 86' lang='lat' dir='ltr'><strong>pares</strong></span> <span class='ocrx_word' id='word_1_160' title='bbox 1303 2102 1411 2171; x_wconf 80' lang='lat' dir='ltr'><strong>effe</strong></span> 
     </span>
     <span class='ocr_line' id='line_1_24' title="bbox 199 2191 1410 2269; baseline 0.002 -16"><span class='ocrx_word' id='word_1_161' title='bbox 199 2193 460 2266; x_wconf 74' lang='lat' dir='ltr'><strong>virtutes,</strong></span> <span class='ocrx_word' id='word_1_162' title='bbox 493 2211 596 2254; x_wconf 86' lang='lat' dir='ltr'><strong>nec</strong></span> <span class='ocrx_word' id='word_1_163' title='bbox 624 2195 780 2253; x_wconf 88' lang='lat' dir='ltr'><strong>bono</strong></span> <span class='ocrx_word' id='word_1_164' title='bbox 809 2194 935 2253; x_wconf 83' lang='lat' dir='ltr'><strong>viro</strong></span> <span class='ocrx_word' id='word_1_165' title='bbox 965 2191 1271 2269; x_wconf 85' lang='lat' dir='ltr'><strong>meliorem,</strong></span> <span class='ocrx_word' id='word_1_166' title='bbox 1304 2212 1410 2255; x_wconf 84' lang='lat' dir='ltr'><strong>nec</strong></span> 
     </span>
     <span class='ocr_line' id='line_1_25' title="bbox 203 2280 1411 2362; baseline 0 -23"><span class='ocrx_word' id='word_1_167' title='bbox 203 2292 546 2358; x_wconf 80' lang='lat' dir='ltr'><strong>temperante</strong></span> <span class='ocrx_word' id='word_1_168' title='bbox 580 2282 1063 2362; x_wconf 82' lang='lat' dir='ltr'><strong>temperantiorem</strong></span> <span class='ocrx_word' id='word_1_169' title='bbox 1076 2324 1096 2355; x_wconf 88' lang='lat'><em>‚</em></span> <span class='ocrx_word' id='word_1_170' title='bbox 1140 2300 1245 2341; x_wconf 87' lang='lat' dir='ltr'><strong>nec</strong></span> <span class='ocrx_word' id='word_1_171' title='bbox 1275 2280 1411 2342; x_wconf 87' lang='lat' dir='ltr'><strong>forti</strong></span> 
     </span>
     <span class='ocr_line' id='line_1_26' title="bbox 206 2364 1415 2449; baseline -0.003 -22"><span class='ocrx_word' id='word_1_172' title='bbox 206 2364 626 2441; x_wconf 84' lang='lat' dir='ltr'><strong>fortiorem‚nec</strong></span> <span class='ocrx_word' id='word_1_173' title='bbox 644 2366 881 2449; x_wconf 88' lang='lat' dir='ltr'><strong>sapiente</strong></span> <span class='ocrx_word' id='word_1_174' title='bbox 895 2366 1276 2447; x_wconf 82' lang='lat' dir='ltr'><strong>sapientiorem</strong></span> <span class='ocrx_word' id='word_1_175' title='bbox 1290 2364 1415 2446; x_wconf 90' lang='lat' dir='ltr'><strong>pos-</strong></span> 
     </span>
     <span class='ocr_line' id='line_1_27' title="bbox 205 2445 1412 2535; baseline -0.002 -20"><span class='ocrx_word' id='word_1_176' title='bbox 205 2445 263 2515; x_wconf 83' lang='lat' dir='ltr'><strong>se</strong></span> <span class='ocrx_word' id='word_1_177' title='bbox 283 2450 420 2527; x_wconf 81' lang='lat' dir='ltr'><strong>fieri,</strong></span> <span class='ocrx_word' id='word_1_178' title='bbox 451 2446 707 2514; x_wconf 80' lang='lat' dir='ltr'><strong>facillime</strong></span> <span class='ocrx_word' id='word_1_179' title='bbox 727 2454 904 2535; x_wconf 87' lang='lat' dir='ltr'><strong>potest</strong></span> <span class='ocrx_word' id='word_1_180' title='bbox 934 2452 1182 2533; x_wconf 81' lang='lat' dir='ltr'><strong>perspici.</strong></span> <span class='ocrx_word' id='word_1_181' title='bbox 1232 2472 1302 2511; x_wconf 86' lang='lat' dir='ltr'><strong>an</strong></span> <span class='ocrx_word' id='word_1_182' title='bbox 1326 2450 1412 2513; x_wconf 84' lang='lat' dir='ltr'><strong>vi·-</strong></span> 
     </span>
     <span class='ocr_line' id='line_1_28' title="bbox 210 2536 1421 2621; baseline -0.004 -20"><span class='ocrx_word' id='word_1_183' title='bbox 210 2554 336 2603; x_wconf 84' lang='lat' dir='ltr'><strong>rum</strong></span> <span class='ocrx_word' id='word_1_184' title='bbox 367 2540 580 2602; x_wconf 87' lang='lat' dir='ltr'><strong>bonum</strong></span> <span class='ocrx_word' id='word_1_185' title='bbox 603 2540 776 2617; x_wconf 73' lang='lat' dir='ltr'><strong>dices,</strong></span> <span class='ocrx_word' id='word_1_186' title='bbox 811 2543 911 2621; x_wconf 80' lang='lat' dir='ltr'><strong>qui</strong></span> <span class='ocrx_word' id='word_1_187' title='bbox 932 2536 1237 2621; x_wconf 74' lang='lat' dir='ltr'><strong>depolitum</strong></span> <span class='ocrx_word' id='word_1_188' title='bbox 1260 2536 1421 2601; x_wconf 76' lang='lat' dir='ltr'><strong>nuno.</strong></span> 
     </span>
    </p>
   </div>
  </div>
 </body>
</html>
