1725 3042
337 191 416 254 ες
627 183 756 247 DE
803 179 1287 248 OFFICIIS?

320 292 470 368 effit,
493 309 658 372 quam
680 289 996 351 facultates:
1024 290 1201 372 quod,
1222 292 1325 371 qui
1342 290 1561 370 benig-*¹

319 381 510 440 niores
525 376 732 437 volunt
739 375 866 454 effe,
883 397 1053 457 quam
1064 399 1153 438 res
1169 381 1399 458 patitur,
1420 380 1554 458 pri-e

320 487 474 528 mum
495 466 553 524 in
583 483 654 526 eo
683 479 934 544 peccant,
956 464 1109 544 quo'd
1132 464 1382 542 injurioli
1403 464 1539 526 sunt

319 558 382 614 in
397 553 714 638 pen-oximos.
720 571 860 631 quas
876 553 1025 611 enim
1039 554 1229 632 copias
1238 554 1325 612 his
1340 549 1557 631 etsupi

319 631 550 728 peditari
564 640 790 717 nequitus
800 637 881 697 est
900 653 957 696 et
971 637 1231 719 relinqui,
1252 659 1345 698 eas
1358 635 1551 698 trans

317 719 508 788 ferunt
521 723 589 782 ad
605 723 838 785 alienos.
876 723 1013 784 inest
1024 740 1205 784 autem
1220 726 1281 782 in
1296 724 1391 783 tali
1404 725 1546 786 libe-

319 811 534 874 ralitate
559 811 830 892 cupiditas
857 811 1179 892 plerumque
1205 811 1455 889 rapiendi
1478 827 1542 875 et

319 895 598 962 auferendi
614 917 712 976 per
724 898 804 975 inj
811 900 1010 973 uriam,
1031 913 1095 956 ut
1109 897 1175 956 ad
1188 896 1538 973 largiendum

321 986 613 1067 fisppetant
633 985 843 1064 copiae.
890 984 1076 1045 videre
1096 986 1261 1044 etiam
1274 983 1403 1042 licet
1418 984 1541 1063 ple·
1550 993 1559 1000 ’

318 1072 522 1153 rosque
549 1091 670 1130 non
699 1085 812 1130 tam
835 1085 1032 1132 natura
1058 1069 1305 1130 liberales
1319 1113 1339 1145 ‚
1365 1089 1541 1152 quam

319 1159 554 1243 quadam
571 1156 745 1236 gloria
757 1157 977 1217 ductos
958 1201 977 1233 ,
992 1171 1055 1216 ut
1068 1156 1557 1218 benefietvidean-

318 1265 433 1321 tur,
449 1245 622 1306 facere
633 1243 826 1318 multa3
845 1264 984 1324 quae
999 1242 1263 1327 proficisci
1276 1245 1345 1304 ab
1357 1233 1559 1330 osten-f

320 1336 534 1396 tatione
555 1333 727 1409 magis
747 1351 917 1412 quam
934 1353 971 1390 a
990 1329 1282 1392 voluntate
1302 1329 1537 1391 videan-

321 1439 434 1482 tur.
449 1420 572 1479 talis
587 1434 767 1479 autem
781 1417 1051 1478 fimulaetio
1062 1419 1299 1478 vanitati
1312 1415 1387 1477 est
1399 1427 1561 1476 con-i

313 1508 584 1588 junffior,
609 1525 775 1584 quam
797 1519 895 1563 aut
914 1503 1221 1565 liberalitati
1242 1520 1339 1563 aut
1352 1507 1539 1564 hone·

319 1593 461 1655 stati.
509 1593 730 1652 tertium
743 1589 816 1651 est
829 1590 1193 1673 propofitum,
1214 1604 1280 1650 ut
1293 1588 1362 1650 in‘
1368 1593 1541 1650 bene-

320 1681 561 1742 ficientia
581 1677 815 1738 delectus
837 1675 967 1738 esset
986 1678 1305 1756 dignitatis;
1332 1679 1393 1736 in
1416 1697 1555 1756 quo·

319 1784 378 1828 et
391 1786 576 1826 mores
591 1765 710 1842 ejus
719 1782 883 1825 erunt
896 1764 1252 1847 spestandissn
1268 1785 1431 1845 quem
1444 1765 1541 1824 be-

320 1853 577 1914 neficium
589 1851 926 1928 conferetur,
950 1869 1008 1912 et
1022 1854 1238 1911 animus
1254 1871 1380 1929 erga
1395 1871 1533 1926 nos;

319 1957 378 2000 et
391 1941 757 1999 communitas
775 1959 837 1999 ac
852 1938 1079 2000 (beietas
1092 1939 1261 2013 vitae3
1272 1952 1330 1998 et
1342 1937 1410 1998 ad
1426 1951 1553 1998 no·'

321 2026 454 2088 stras
470 2027 729 2087 utilitates
745 2027 927 2086 officia
940 2041 1068 2084 ante
1082 2025 1298 2085 collata:
1316 2045 1457 2105 quae
1471 2025 1545 2086 ut'

210 2149 220 2160 ·
321 2130 662 2175 concurrant
692 2114 905 2187 omnia,
928 2111 1165 2192 optabile
1192 2109 1267 2172 est
1281 2135 1300 2186 ;
1324 2109 1408 2170 fin
1428 2114 1537 2171 mi·

321 2220 455 2275 rna-3,
477 2199 662 2281 plures
679 2197 883 2260 caussae
902 2196 1243 2282 majoresque
1269 2197 1535 2279 ponderis

320 2285 448 2366 plus
463 2288 758 2346 habebunt.
888 2287 1167 2360 Quoniam
1186 2299 1368 2344 autem
1390 2285 1535 2344 vivi·
1564 2296 1621 2344 ¹5

322 2385 416 2429 tur
447 2390 569 2428 non
603 2389 734 2428 cum
767 2367 1018 2448 perfectis
1048 2372 1369 2430 hominibus
1416 2370 1549 2450 ple-¹

321 2474 503 2535 neque
531 2454 895 2533 sapientibus,
923 2452 1015 2513 std
1042 2475 1167 2514 cum
1194 2458 1287 2531 iis,
1324 2458 1387 2514 in
1404 2457 1533 2534 qui-

319 2540 428 2601 hus
432 2583 466 2618 ,
500 2538 770 2623 praeclare
791 2540 971 2668 agitur
982 2582 1009 2618 ,
1047 2539 1089 2602 fi
1108 2537 1236 2603 sunt
1254 2539 1547 2606 {imulacrs
