1725 3042
370 146 1133 215 nEsENEcTU‘rJ‘E.
1333 168 1411 230 29

203 258 388 319 mines
408 260 716 338 capiantur,
741 273 804 315 ut
825 260 989 316 hamo
1012 248 1213 337 pisces)
1237 274 1421 334 quan-

209 364 376 424 quam
391 342 760 403 immoderatis
773 344 943 423 epulis
954 358 1133 402 eareat
1148 341 1357 401 senec'tu
1366 362 1423 417 s,

207 429 440 488 modicis
461 446 642 489 tamen
666 432 940 489 conviviis
954 429 1203 489 delectari
1218 426 1415 509 potest.

209 520 279 576 C.
299 514 589 591 Duillium,
612 515 908 591 M.'filium‚
934 518 1032 596 qui
1049 524 1267 575 Poenos
1283 512 1425 574 clas·'

207 599 262 660 st
289 604 497 682 primus
525 602 825 678 devicerat,
847 602 1164 662 redeuntem
1188 622 1219 660 a
1240 620 1417 661 coena

207 686 388 749 senem
411 687 562 768 saepe
581 688 831 747 videbam
853 708 989 767 puer
1008 711 1026 759 3
1058 688 1428 747 deleciabatur‘

209 778 402 833 erebro
431 772 606 832 funali
634 788 689 832 et
709 774 959 846 tibicine,
981 792 1122 852 quae
1143 770 1239 831 fibi
1262 772 1421 837 nullo

207 858 464 938 exemplo
488 861 740 939 privatus
761 854 1085 937 sumpserat:
1112 875 1328 917 tantum
1352 858 1421 917 li·

208 948 422 1005 centiae
435 945 596 1005 dabat
617 946 811 1023 gloria.
857 942 949 1004 sed
962 945 1097 1025 quid
1114 966 1218 1023 ego
1236 945 1374 1005 alios
1390 946 1431 1006 ἒ·

210 1031 280 1092 nd
307 1052 398 1091 me
417 1032 589 1114 ipsum
613 1034 731 1111 jam
754 1046 1016 1093 revertar.
1062 1036 1300 1113 primum
1320 1036 1421 1093 ha·

208 1120 305 1179 bui
325 1118 530 1200 semper
549 1118 780 1181 sodales.
803 1118 1113 1180 sodalitates
1126 1135 1309 1179 autem
1330 1138 1421 1180 me

209 1205 492 1285 quaestore
519 1206 844 1266 constitutae
872 1204 1023 1281 sunt,
1054 1205 1217 1265 sacris
1242 1206 1437 1285 Idaeis*

208 1298 452 1369 Magnae
463 1296 661 1351 Matris
683 1294 941 1371 acceptis.
984 1290 1236 1371 epulabar
1258 1294 1425 1369 igitur

211 1398 337 1437 eum
359 1377 628 1437 sodalibus
643 1378 889 1437 'omnino
910 1378 1159 1439 modice:
1194 1376 1282 1436 sed
1302 1390 1425 1437 erat

211 1464 435 1544 quidam
454 1464 644 1523 fervor
657 1463 854 1523 aetatis
876 1486 893 1523 ε
942 1485 1053 1545 qua
1069 1464 1422 1544 progredien-

209 1566 288 1624 te,
324 1553 514 1609 omnia
547 1550 684 1608 fient
711 1552 772 1607 in
795 1550 921 1609 dies·
938 1553 1181 1611 mitiora.
1240 1569 1429 1629 neque

213 1637 366 1696 enim
402 1633 644 1715 ipsorum
683 1637 1073 1695 conviviorum
1112 1634 1423 1695 deleciatio·

213 1742 344 1781 nem
359 1720 736 1799 voluptatibus
759 1724 1005 1803 corporis
1028 1724 1223 1802 magis,
1257 1742 1423 1803 quam

215 1823 376 1868 coetu
393 1809 693 1867 amicorum
711 1822 764 1865 et
780 1806 1119 1869 sermonibus
1135 1811 1417 1870 metiebar.

211 1892 532 1955 benefenim
551 1896 788 1972 majores
810 1894 981 1954 nostri
1012 1898 1423 1955 accubationem

213 1980 488 2060 epularem
507 1983 826 2054 amicorum,
852 1983 983 2059 quia
1012 1986 1157 2041 vitae
1178 1982 1421 2083 conjun-

216 2067 454 2126 &ionem
481 2070 733 2141 haberet,
780 2069 1119 2127 convivium
1166 2068 1423 2126 nomina-

218 2166 382 2210 runt.
399 2152 614 2228 melius,
629 2174 796 2234 quam
809 2155 1030 2228 Graeci,
1044 2158 1141 2233 qui
1157 2154 1424 2214 hocidem

219 2252 340 2301 tum
361 2243 855 2318 computationem,
879 2255 997 2299 tum
1026 2243 1424 2301 concoenatio·

220 2342 349 2383 nem
361 2340 570 2383 vocant
583 2346 600 2383 ε
617 2341 702 2400 ut,
715 2326 873 2404 quod
886 2327 949 2384 in
962 2348 1032 2386 eo
1047 2348 1243 2405 genere
1256 2327 1425 2386 mini-

221 2418 376 2473 n'mm'
397 2408 500 2485 est,·
516 2410 576 2469 id
595 2415 835 2470 maxime
852 2416 1083 2492 probare
1110 2414 1435 2473 videantur:

155 2522 209 2570 14
221 2500 492 2575 Ego.vero
501 2512 726 2580 propter
737 2496 1005 2559 sermonis
1014 2499 1435 2561 delectationen
