1725 3042
342 198 426 249 20
644 186 765 243 DE
812 185 1230 244 OFFICIIS

336 284 507 345 tueris
520 295 577 345 te
592 284 825 364 cuipiam
840 283 1165 344 advocatum
1181 286 1240 343 in
1257 302 1372 343 rem
1386 302 1565 365 prae-

275 375 279 380 ’
334 370 540 431 sentem
557 368 659 431 effe
672 385 988 446 venturum,
1005 385 1170 450 atque
1182 371 1403 449 interim
1417 392 1560 449 gra·

334 459 477 521 viter
488 472 766 535 aegrotare
778 455 922 515 filius
935 458 1318 536 coeperit,non
1331 455 1396 515 fit
1405 478 1559 517 con-

334 558 423 603 tra
436 542 680 603 officium
694 564 815 602 non
830 542 1008 601 ficere
1021 542 1172 622 quod
1185 543 1413 617 dixeris;
1433 564 1557 604 ma·-

333 627 522 709 gisque
552 628 663 702 ine,
686 630 775 688 cui
804 626 1121 708 promffl'um
1150 627 1234 703 fit,
1256 631 1324 689 ab
1353 629 1554 690 officio

334 713 592 790 discedat,
615 714 653 773 fi
676 713 731 773 se
759 713 1074 773 destitutum
1103 731 1382 795 queratur.
1421 717 1551 792 jam

230 827 235 831 ·
334 801 443 863 mis
459 800 725 881 promissis
748 799 998 859 standum
1019 822 1140 861 non
1151 798 1260 859 effe
1272 804 1400 882 quis
1417 822 1550 863 non

335 888 511 964 videt,
534 908 673 967 quae
694 891 910 945 coaetus
931 889 1058 966 quis
1081 902 1255 963 metu,
1281 907 1422 967 quae
1443 888 1554 949 de·

336 990 529 1057 ceptus
544 972 677 1032 dolo
692 970 1176 1053 promiserit-'quae
1187 974 1407 1054 quidem
1423 975 1552 1056 ple·
1641 1041 1648 1045 ,

335 1061 639 1223 ἷῖὶἱζῖξὲῗ
653 1059 1554 1227 Ρέςῗηῖἳῗῗωᾛῗεᾘὶῒ

336 1232 605 1294 calumnia
632 1232 870 1311 quadam
885 1276 906 1308 ‚
937 1247 996 1291 et
1013 1234 1181 1291 nimis
1203 1232 1391 1293 callida
1408 1274 1428 1309 ,
1451 1231 1548 1295 sed

335 1315 604 1380 malitiosa
626 1320 771 1396 juris
798 1320 1290 1398 interpretatione:
1323 1341 1396 1379 ex
1425 1338 1548 1399 quo

335 1404 503 1479 illud,
526 1403 793 1465 summum
815 1406 912 1484 jus
942 1403 1149 1465 summa
1177 1407 1411 1483 injuria,
1429 1407 1546 1467 fac·

336 1508 457 1555 tum
474 1488 673 1569 estjam
688 1493 884 1551 tritum
899 1488 1154 1552 sermone
1161 1494 1545 1573 proverbium.

336 1597 453 1661 quo
474 1580 536 1637 in
566 1598 762 1655 genere
793 1580 958 1639 ctiam
988 1580 1049 1637 in
1077 1580 1350 1661 republica
1369 1578 1544 1641 multa

336 1680 666 1749 peccantur-2
694 1681 757 1725 ut
776 1663 890 1739 ille,
915 1667 1034 1746 qui,
1055 1686 1182 1725 cum
1203 1667 1436 1745 triginta
1455 1667 1544 1727 di—

336 1772 491 1811 erum
518 1748 689 1809 efflent
718 1772 844 1809 cum
875 1750 1027 1810 hoste
1057 1756 1242 1831 pactae
1271 1754 1542 1831 indutiae,

338 1841 509 1896 noetu
530 1836 894 1915 populabatur
921 1859 1114 1915 agr-08,
1149 1838 1302 1918 quod
1331 1839 1546 1901 dierum

336 1920 508 1982 ess'ent
522 1925 731 2000 pafiae,
754 1944 876 1982 non
893 1924 1140 1983 noetium
1161 1924 1430 1987 indutiae.
1471 1946 1546 1987 ne

335 2006 520 2069 noster
544 2007 765 2087 quidem
790 2009 1138 2089 probandae,
1164 2009 1204 2069 fi
1227 2032 1422 2071 verum
1445 2011 1543 2089 est,

336 2100 412 2171 Q.
438 2095 665 2155 Fabium
688 2098 1024 2170 Labeonem,
1049 2093 1140 2155 seu
1163 2117 1330 2177 quem
1353 2098 1542 2174 alium,

334 2178 505 2251 (nihil
519 2182 668 2240 enim
682 2198 900 2261 praeter
919 2182 1164 2242 auditum
1186 2186 1362 2243 habeo
1380 2190 1431 2262 ),
1451 2206 1540 2244 ar·

332 2268 541 2337 bitrum
556 2267 792 2327 Nolanis
800 2284 859 2327 et
871 2268 1248 2349 Neapolitanis
1257 2271 1326 2329 de
1333 2270 1538 2331 finibus

294 2347 299 2351 ’
332 2371 369 2413 a
388 2349 577 2410 senatu
601 2352 811 2427 datum,
832 2376 958 2413 eum
981 2354 1050 2413 ad
1071 2355 1253 2415 locum
1275 2356 1533 2432 veniffet,

332 2456 459 2499 eum
490 2436 735 2515 utrisque
758 2437 1043 2518 separatim
1071 2440 1342 2517 locutum,
1375 2458 1441 2502 ut
1467 2462 1539 2502 ne

326 2518 525 2601 cupide
554 2522 688 2601 quid
710 2540 956 2601 agerent,
978 2544 1050 2585 ne
1079 2542 1430 2609 appetenterg
1455 2544 1538 2589 at·
