1725 3042
371 122 400 173 1
415 120 492 169 22
687 106 730 165 P
759 105 813 163 A
843 108 897 165 R
926 104 979 161 A
1008 106 1065 163 D
1098 108 1149 162 0
1177 106 1234 163 X
1265 104 1351 165 A·

361 205 502 289 quid
517 202 682 267 secuti
699 202 822 267 (inu
835 222 973 266 num
988 202 1112 281 quis
1128 199 1466 279 exfistetssui
1480 224 1587 269 vo.

362 295 572 375 luptas,
593 293 684 353 eui
703 290 953 365 divitiae,
980 290 1072 351 cui
1092 284 1338 370 denique
1360 311 1587 371 praeter

364 381 614 442 officium
635 378 796 439 fortis
819 392 877 437 et
897 377 1086 454 magni
1108 376 1241 449 viri,
1269 377 1589 461 quidquam

366 468 516 529 aliud
545 462 889 546 propositum
914 460 1069 523 fflffe
1098 460 1396 523 videatur?
1442 488 1593 549 quan

367 576 456 617 res
472 553 542 615 ad
563 573 756 613 necem
777 547 1086 611 Porsennae
1103 554 1172 609 C.
1193 551 1457 615 Mucium
1481 557 1587 618 im-

365 641 532 731 pulit,
549 638 662 699 fine
681 636 797 699 ulla
819 634 910 718 spe
932 632 1119 703 salutis
1143 633 1292 698 suae?
1321 659 1474 719 quae
1499 646 1593 705 vig
1685 696 1686 701 ,

368 729 646 793 Coclitem
673 742 875 789 contra
894 745 1089 785 omnes
1118 722 1359 789 hostium
1388 732 1589 812 copias

367 818 553 882 tenuit
567 818 628 875 in
643 830 818 895 ponte
830 812 1037 875 solum?
1064 829 1204 890 quae
1222 826 1451 892 patrem
1470 824 1589 879 De·

367 908 543 980 cium,
567 922 709 985 quae
736 900 909 965 filium
936 898 1248 973 devotavit,
1269 913 1451 982 atque
1480 905 1589 965 im.

367 989 514 1053 misit
543 994 606 1051 in
637 1004 875 1049 armatas
905 984 1139 1049 hostium
1167 987 1402 1067 copias?
1449 990 1591 1075 quid

367 1079 719 1145 continentia
755 1081 824 1135 C.
853 1074 1120 1148 Fabricii,
1154 1071 1293 1157 quid
1332 1078 1589 1140 tenuitas

366 1165 548 1227 vietus
575 1164 680 1223 Μ’.
729 1163 885 1221 Curii
914 1159 1267 1245 sequebatur?
1300 1162 1445 1244 quid
1470 1164 1593 1227 dun

364 1245 783 1337 propugnacula
793 1248 927 1311 beni
942 1249 1159 1324 Punici,
1176 1253 1289 1309 Cn.
1304 1264 1371 1309 et
1383 1257 1450 1312 P.
1466 1253 1591 1313 Sei-

367 1343 593 1423 piones,
615 1341 712 1419 qui
735 1332 1245 1413 Carthaginenfium
1274 1334 1595 1403 adventum

373 1428 704 1507 corporibus
721 1422 831 1484 suis
846 1420 1331 1484 intercludendum
1345 1438 1591 1503 putave-

367 1511 671 1594 runt?quid
685 1510 985 1573 Africanus
1000 1507 1348 1589 major?quid
1362 1513 1591 1574 minor?

370 1600 510 1683 quid
525 1602 670 1663 inter
685 1602 887 1659 horum
900 1612 1105 1657 aetates
1127 1596 1459 1675 interjectus
1479 1606 1591 1661 Ca-

371 1690 474 1749 to?
518 1687 651 1769 quid
683 1682 1111 1746 innumerabiles
1142 1682 1274 1745 alii?
1312 1705 1451 1745 nam
1482 1686 1591 1747 do·

371 1774 606 1835 mesticis
621 1772 887 1853 exemplis
904 1770 1245 1831 abundamus
1260 1792 1277 1831 t
1318 1772 1591 1851 cogitasse

369 1860 678 1943 quidquam
698 1876 953 1939 putamus
976 1860 1037 1917 in
1062 1859 1175 1917 vita
1192 1854 1291 1917 fibi
1310 1876 1587 1940 expeten-

374 1951 532 2023 dum,
555 1945 656 2007 nifi
671 1947 823 2028 quod
837 1942 1105 2006 laudabile
1116 1941 1245 2018 effe,
1267 1960 1323 2004 et
1338 1946 1585 2026 praecla-

374 2056 502 2099 rum
516 2035 820 2096 videretur?
956 2032 1209 2091 Veniant
1220 2032 1395 2109 igitur
1408 2032 1497 2093 isti
1510 2036 1583 2093 ir-
1602 2039 1621 2083 3

373 2122 574 2183 risores
597 2122 761 2201 hujus
783 2120 1057 2180 orationis
1088 2140 1151 2178 ac
1174 2114 1510 2180 sententiae:
1532 2136 1585 2180 et

364 2208 488 2286 jam
504 2209 592 2267 vel
608 2208 991 2287 ipfijudicent,
998 2221 1185 2266 utrum
1198 2202 1253 2265 se
1264 2206 1473 2267 horum
1486 2207 1584 2267 ali·

369 2295 556 2373 cujus,
582 2295 678 2372 qui
692 2293 1014 2353 marmoreis
1029 2294 1210 2366 testis,
1230 2292 1405 2353 ebore
1417 2308 1477 2352 et
1488 2315 1585 2353 au·

368 2398 437 2439 ro
449 2379 807 2457 fingentibus,
824 2381 925 2459 qui
939 2378 1131 2457 fignis,
1144 2380 1243 2458 qui
1258 2378 1586 2459 tubuli-,qui

363 2464 582 2528 caelato
613 2486 750 2531 auro
773 2481 834 2528 et
859 2481 1119 2547 argento,
1162 2466 1263 2549 qui
1286 2466 1583 2535 cos-inthi-
