1725 3042
361 120 482 165 100
655 102 786 159 DE
829 104 1381 165 AMICITIA.

350 224 487 270 unte
501 221 674 265 aetate
687 206 923 265 venandi
926 220 1039 281 ,aut
1050 206 1189 285 pilae
1200 207 1417 271 studiosi
1428 209 1533 271 fue·

353 300 468 356 rint
472 313 587 369 ‚eos
603 295 796 351 habere
807 290 1133 352 necessarios
1145 311 1539 379 oportet,quos

351 398 470 443 tum
491 380 680 440 eodem
701 378 878 439 studio
900 379 1174 459 praeditos
1205 380 1539 445 dilexerunt.

347 470 449 531 isto
461 466 609 524 enim
622 466 794 525 modo
803 467 1051 525 nutrices
1068 480 1122 523 et
1136 468 1435 546 paedagogi
1451 470 1543 548 ju-

347 576 407 617 re
419 552 692 615 vetustatis
705 552 1003 633 plurimum
1016 552 1435 614 benevolentiae
1448 577 1548 637 po-

346 642 620 703 stulabunt
639 661 656 698 z
698 640 795 718 qui
825 637 1139 715 negligendi
1166 640 1393 718 quidem
1424 664 1545 703 non

349 730 497 805 sunt,
513 725 602 787 sed
617 725 724 787 alio
739 724 981 804 quodam
992 723 1163 785 modo
1176 725 1424 788 colendi.
1447 729 1546 791 ali-

346 832 434 877 ter
446 816 710 874 amicitiae
724 810 931 871 stabiles
947 830 1265 889 permanere
1278 833 1405 874 non
1420 814 1546 896 pos-

345 900 495 963 sunt.
527 900 757 981 dispares
770 898 916 957 enim
931 916 1111 955 mores
1124 896 1357 977 disparia
1374 899 1546 963 studia

345 986 668 1067 sequuntur,
691 1004 929 1064 quorum
944 982 1310 1044 diffimilitudo
1324 986 1543 1049 diffoei-

344 1088 404 1133 at
431 1074 726 1132 amicitias:
753 1090 856 1130 nec
874 1072 951 1129 ob
972 1069 1129 1129 aliam
1144 1069 1360 1131 caulam
1376 1074 1546 1136 ullam

343 1160 504 1231 boni,
513 1158 776 1236 improbis
789 1178 810 1229 ς
835 1157 1097 1237 improbi,
1106 1158 1271 1216 bonis
1286 1161 1450 1219 amici
1462 1158 1542 1221 es-

343 1244 398 1307 se
420 1264 540 1307 non
562 1241 806 1325 possunt,
827 1242 928 1303 nifi
949 1242 1101 1323 quod
1122 1257 1278 1302 tanta
1298 1244 1383 1305 est
1400 1249 1546 1309 inter

341 1354 466 1407 eos,
489 1346 694 1412 quanta
713 1330 952 1389 maxima
974 1329 1150 1408 potest
1170 1326 1299 1406 effe,
1321 1352 1545 1395 morum
1652 1404 1661 1409 α

339 1418 744 1497 studiorumque
757 1416 1028 1476 distantia.
1055 1422 1194 1477 reete
1206 1416 1374 1479 et'iam
1387 1438 1545 1499 prae-

340 1506 450 1586 cipi
479 1502 653 1585 potest
681 1506 741 1563 in
768 1504 1022 1563 amicitiis
1026 1547 1047 1579 ,
1080 1524 1151 1562 ne
1180 1504 1545 1586 intemperata

335 1591 606 1672 quaedam
634 1590 1021 1651 benevolentia
1063 1588 1250 1668 [quod
1288 1591 1544 1675 persaepe

339 1680 452 1758 fit]
488 1678 745 1757 >impediat
774 1696 999 1755 magnas
1030 1675 1293 1736 utilitates
1324 1682 1541 1740 amico.

337 1787 483 1826 rum.
532 1784 632 1823 nec
662 1765 809 1823 enim
839 1760 933 1833 (ut
958 1762 1029 1821 ad
1056 1760 1261 1822 fabulas
1288 1764 1539 1843 redeam)

335 1852 579 1928 Trogjam
597 1849 997 1930 Neoptolemus
1012 1868 1199 1929 capere
1206 1850 1539 1929 potuiffetji

335 1935 730 2018 Lycomedem,
755 1934 899 2015 apud
924 1954 1085 2013 quem
1104 1951 1219 1995 erat
1246 1936 1539 2013 educatus,

337 2025 528 2085 multis
535 2044 660 2083 cum
675 2021 929 2100 lacrymis
942 2022 1047 2080 iter
1063 2019 1213 2081 suum
1228 2024 1535 2102 impedien-

335 2126 471 2185 tem,
493 2110 678 2169 audire
700 2106 972 2168 voluiss'et.
1016 2122 1075 2166 et
1095 2106 1246 2186 saepe
1274 2110 1537 2170 incidunt

335 2215 565 2273 magnae
579 2212 752 2269 re8‚ut
767 2192 1145 2254 discedendum
1161 2193 1225 2252 fit
1238 2197 1309 2254 ab
1322 2198 1534 2257 amicis:

335 2300 472 2363 quas
487 2284 585 2360 qui
599 2281 861 2361 impedire
880 2280 1025 2355 vult,
1050 2281 1201 2359 quod
1213 2279 1537 2342 defiderium

329 2388 456 2427 non
471 2366 624 2426 facile
637 2366 799 2441 ferat,
821 2370 871 2425 is
886 2380 942 2424 et
962 2365 1213 2425 infirmus
1234 2366 1311 2427 est
1326 2366 1534 2429 mollis·

324 2469 440 2529 que
453 2467 670 2531 natura,
691 2467 750 2513 et
763 2454 840 2515 ob
851 2470 972 2514 eam
987 2450 1157 2534 ipsam
1170 2451 1383 2555 caust'm
1396 2456 1459 2517 in
1470 2475 1532 2517 a·
