1725 3042
311 134 474 192 DE
519 134 1069 193 AM1c1’r1A.
1264 146 1345 211 9⁷

153 230 480 295 suaviffimaz
505 252 805 311 verumque
825 232 957 292 illud
980 230 1078 309 est,
1100 229 1253 312 quod
1266 230 1351 291 di-

152 320 319 395 citur,
339 319 545 379 multos
569 319 788 378 modios
805 315 927 379 salis
942 317 1095 377 fimul
1108 317 1353 377 edendos

154 404 278 479 effe,
293 419 358 464 ut
371 407 638 465 amicitiae
651 426 852 464 munus
865 404 1143 485 expletum
1156 401 1354 465 fit.no·

155 494 355 552 vitates
377 506 581 566 autem,
604 490 643 551 si
663 490 810 571 spem
838 489 1097 567 afferunt,
1118 506 1206 569 ut,
1228 507 1354 550 tan·

157 596 324 659 quam
353 579 416 637 in
444 579 626 639 herbis
655 598 775 637 non
803 576 1084 637 fallacibus
1089 619 1109 652 ,
1147 577 1355 637 fruetus

158 679 434 744 appareat,
457 684 574 723 non
606 661 732 722 sunt
758 662 880 722 illae
902 664 1121 741 quidem
1145 662 1361 743 repudi-

159 748 362 809 andae:
386 747 620 809 vetustas
651 764 832 807 tamen
863 747 959 807 suo
982 748 1111 808 loco
1139 747 1361 808 conser-

158 830 343 896 vanda
355 832 452 895 est.
475 836 716 895 maxima
730 833 804 893 est
817 836 967 893 enim
979 833 1067 894 vis
1080 833 1361 895 vetustatis

157 937 215 981 et
229 919 659 981 consuetudinis.
687 922 839 1001 atqui
853 922 915 979 in
940 919 1057 1000 ipso
1070 940 1241 1001 equo,
1262 942 1361 981 eu·

153 1009 250 1087 jus
265 1006 436 1068 modo
452 1010 790 1067 mentionem
803 1005 981 1084 feci,fi
992 1005 1143 1067 nulla
1156 1028 1243 1067 res
1256 1010 1365 1067 im-

160 1094 364 1175 pediat,
387 1114 552 1154 nemo
581 1093 678 1170 est,
707 1096 804 1174 qui
827 1114 947 1154 non
970 1116 1061 1169 ee,
1082 1116 1197 1175 quo
1220 1116 1363 1156 con-

160 1179 356 1255 suevit,
376 1181 636 1241 libentius
657 1197 865 1255 utatur,
886 1202 1051 1261 quarn
1067 1184 1363 1243 intrastato

160 1282 218 1325 et
232 1287 388 1327 novo
405 1288 421 1324 ε
447 1287 552 1326 nee
563 1266 736 1326 modo
753 1269 814 1324 in
833 1270 965 1340 hoc,
986 1267 1140 1345 quod
1154 1266 1228 1325 est
1242 1270 1361 1326 ani-

161 1352 292 1426 mal,
318 1349 408 1410 sed
421 1354 490 1421 in
503 1352 570 1409 iis
587 1355 770 1426 etiam,
796 1371 934 1430 quae
950 1351 1077 1411 sunt
1091 1354 1363 1412 inanima·

161 1453 244 1514 ta,
263 1434 602 1498 consuetudo
618 1438 790 1500 valeta
809 1459 933 1498 cum
950 1438 1085 1499 loeis
1100 1441 1264 1498 etiam
1276 1441 1367 1521 ip-

162 1523 232 1585 ἧς
261 1522 568 1584 montuofis
581 1525 926 1600 deleEtemuss
950 1541 1007 1585 et
1019 1524 1367 1601 filvestribuS,

162 1612 224 1671 in
239 1612 438 1689 quibus
452 1608 657 1671 diutius
679 1613 1005 1671 commorati
1025 1609 1227 1673 sumus,
1275 1611 1369 1672 sed

163 1698 465 1757 maximum
479 1696 587 1756 est
571 1716 632 1754 m
649 1698 901 1772 amicitia,
923 1696 1253 1778 superiorem
1268 1720 1369 1780 pa·-

166 1803 282 1843 rem
295 1780 396 1841 effe
409 1782 678 1843 inferiori.
688 1780 838 1861 saepe
851 1786 999 1843 enim
1014 1784 1371 1845 excellentiae

168 1867 435 1948 quaedam
464 1866 621 1929 sunt:
655 1869 833 1949 qualis
865 1887 981 1929 erat
1008 1873 1317 1950 Scipionis·
1302 1892 1368 1931 m

168 1953 382 2028 nostro,
401 1969 467 2013 ut
479 1957 556 2015 ita
567 1954 764 2030 dicam,
787 1976 967 2033 grege.
1013 1976 1297 2035 nunquam
1312 1956 1369 2017 se

169 2038 260 2099 ille
289 2040 468 2115 Philo,
495 2061 780 2121 nunquam
811 2042 1057 2121 Rupilio,
1080 2062 1368 2120 nunquam

170 2127 442 2185 Mummio
457 2124 865 2207 mtepoffiit,nu
872 2147 1077 2205 nquam
1091 2127 1369 2188 inferioris

170 2209 386 2271 ordinis
411 2214 619 2272 amicis.
668 2220 742 2287 Q.
769 2234 907 2272 vero
930 2215 1236 2273 Maximum
1256 2214 1367 2274 fra-

169 2314 334 2368 trem,
357 2300 627 2374 egregium
657 2302 862 2373 virum,
884 2302 1118 2358 omnino
1139 2298 1237 2360 fibi
1266 2320 1365 2359 ne-

168 2400 443 2463 quaquam
456 2403 664 2462 parem,
685 2385 840 2462 quod
853 2387 905 2442 is
920 2388 1159 2444 anteibat
1174 2400 1367 2460 aetate,

167 2467 760 2553 tanquamsuperiorem
771 2468 1235 2558 colebat3suosque
1244 2491 1365 2533 om-
