1725 3042
337 170 454 217 112
608 154 737 213 DE
782 154 1342 212 AMICITIA.

325 275 466 335 quae
481 270 602 315 tota
613 256 846 316 veritate
857 250 1211 333 perpenditur
1216 252 1305 311 ?in
1320 271 1447 331 qua
1460 258 1559 315 ni·

324 341 370 403 fi
383 340 476 412 (ut
489 343 716 417 dieitur)
737 356 988 419 apertum
1008 343 1193 417 pestus
1206 338 1439 415 videas,
1458 357 1557 403 tu..

325 447 532 509 umque
543 426 816 500 ostendat,
827 424 967 485 nihil
978 422 1171 499 fidum,
1182 424 1323 483 nihil
1334 429 1557 506 explo-

325 529 508 575 ratum
521 514 739 573 haheat:
751 530 824 571 ne
837 529 1019 573 amare
1032 510 1371 589 quidunssut
1390 534 1555 573 ama·

326 602 376 661 ri
389 598 573 679 postis,
589 618 715 659 cum
729 598 810 672 id,
825 616 994 677 quam
1008 612 1137 656 vere
1148 595 1265 671 fiat,
1282 599 1551 674 ignores.

326 704 648 766 quanquam
661 682 758 745 ista
773 682 1061 745 affentatio
1074 684 1331 761 quamvis
1346 688 1555 762 perni-

328 770 476 832 ciosa
489 770 578 847 fit,
594 792 794 833 nocere
809 784 991 831 tamen
1008 770 1217 829 nemini
1233 770 1443 847 potest,
1460 775 1555 831 ni-

329 856 372 919 fi
385 860 456 932 ei,
473 859 570 937 qui
585 878 702 917 eam
725 857 939 937 recipit,
954 871 1118 935 atque
1132 875 1195 913 ea
1214 854 1551 919 delestatur.

329 946 410 1003 ita
423 944 574 1019 fit‚ut
586 946 634 1003 is
645 942 1059 1003 affenmtoribus
1074 940 1364 1021 patefaciat
1378 964 1550 1004 aures

329 1025 449 1089 suas
465 1032 725 1105 maxime,
741 1031 838 1108 qui
851 1026 963 1109 ipse
976 1026 1072 1086 fibi
1087 1025 1409 1103 assentetur,
1420 1047 1483 1089 et
1498 1028 1555 1089 se

329 1134 586 1261 Qum
577 1112 1331 1279 ''fis“‹ss'pffie‘znffiffissst
1340 1136 1553 1278 3:1¹:ss

331 1306 608 1369 quamque
621 1286 869 1347 amabilis
883 1283 969 1362 fit,
990 1285 1269 1364 intelligit.
1316 1306 1429 1365 ego
1448 1308 1551 1348 au-

332 1390 446 1433 tem
463 1394 582 1433 non
609 1372 678 1435 de
697 1373 903 1433 virtute
928 1392 1079 1433 nune
1101 1370 1325 1451 loquor,
1348 1370 1445 1433 sed
1477 1374 1555 1435 de

331 1460 556 1519 virtutis
571 1461 862 1537 opinione.
908 1459 1113 1517 virtute
1126 1458 1273 1517 enim
1288 1456 1406 1538 ipsa
1422 1481 1551 1521 non

334 1554 447 1605 tam
467 1544 622 1605 multi
644 1544 876 1624 praediti
896 1541 1018 1620 effe,
1043 1564 1208 1625 quam
1233 1543 1417 1605 videri
1438 1568 1550 1607 vo·

332 1630 478 1692 lunt.
509 1634 614 1690 hos
629 1630 856 1691 delectat
868 1628 1174 1691 assentatio:
1190 1630 1277 1689 his
1292 1629 1462 1691 fietus
1478 1631 1551 1692 ad

333 1715 576 1799 ipsorum
597 1717 937 1796 voluptatem
958 1714 1135 1777 sermo
1154 1736 1283 1777 cum
1310 1716 1545 1779 adhibe·

333 1818 450 1881 tur,
471 1805 776 1863 orationem
805 1803 959 1863 illam
984 1822 1211 1876 vanam,
1232 1801 1547 1865 testimoni-

333 1910 430 1949 um
441 1888 542 1949 ess'e
557 1888 779 1949 laudum
797 1887 1013 1951 suarum
1033 1904 1251 1969 putant.
1300 1888 1457 1950 nulla
1468 1889 1547 1953 est

333 1975 500 2057 igitur
511 1978 642 2037 haec
657 1976 911 2050 amicitia,
942 1995 1071 2035 cum
1084 1974 1220 2033 alter
1232 1994 1429 2035 verum
1446 1998 1545 2036 an-

335 2062 450 2121 dire
465 2083 584 2121 non
599 2061 740 2138 vult,
757 2060 891 2121 alter
907 2061 975 2119 ad
988 2060 1365 2121 mentiendum
1380 2082 1545 2141 para·

337 2162 426 2205 tus
443 2146 536 2207 est.
581 2168 684 2207 nec
697 2146 1080 2227 parasitorum
1064 2166 1128 2205 m
1142 2146 1447 2207 comoediis
1464 2148 1546 2210 as·

335 2228 570 2293 sentatio
585 2236 751 2293 nobis
766 2230 937 2295 faceta
949 2231 1245 2309 videretur,
1254 2230 1358 2293 nifi
1372 2233 1547 2297 essent

333 2317 534 2385 milites
549 2318 796 2395 gloriofi.

379 2408 616 2483 Magnas
629 2426 768 2465 vero
778 2426 936 2483 agere
954 2409 1158 2484 gratias
1174 2406 1357 2467 Thais
1365 2408 1541 2469 mihi?

332 2464 460 2549 Eitis
470 2486 971 2574 etatrespondere‚‘
978 2512 1226 2575 magnast
1238 2493 1541 2575 ingentes,·
