1725 3042
395 149 1049 207 PARADOXA.
1248 164 1369 226 123

163 246 486 323 impetibus
502 242 883 318 abundantssn
898 248 967 303 C.
986 242 1245 318 Fabricii,
1274 244 1375 325 qui

165 332 315 399 nihil
327 352 524 395 eorum
539 332 750 403 habuit,
775 329 917 389 nihil
941 331 1141 391 habere
1165 330 1373 407 voluit,

164 418 366 483 ssmiles
395 416 497 479 effe
523 416 748 479 malint?
771 432 936 495 atque
966 420 1097 479 haee
1128 416 1377 497 quidem,

165 526 312 587 quae
325 504 498 565 modo
518 508 646 580 huc,
676 502 846 563 modo
869 502 1001 563 illuc
1028 504 1374 565 transferam

161 608 286 668 tur,
307 590 464 651 facile
487 590 682 650 adduci
705 588 906 665 solent,
934 592 1072 649 utin
1087 593 1251 651 rebus
1267 594 1371 652 bo-

165 681 259 741 nis
276 674 379 738 effe
395 694 602 757 negent
613 676 778 737 :illud
793 692 979 739 tamen
994 681 1139 737 arste
1154 693 1373 755 tenent,

165 781 530 842 accurateque
553 762 878 836 defendunt,
901 761 1246 842 voluptatem
1268 762 1375 825 effe

164 850 436 916 summum
449 852 686 911 bonum.
709 868 852 929 quae
866 848 1089 927 quidem
1104 851 1243 911 mihi
1257 870 1375 911 vox

164 936 442 1023 pecudum
455 935 675 999 videtur
687 930 938 1011 effe‚non
950 937 1263 999 hominum.
1288 953 1375 1017 tu,

161 1045 296 1085 cum
320 1024 420 1083 tibi
443 1021 550 1084 five
575 1022 732 1098 deus,
757 1021 867 1083 five
891 1038 1068 1083 mater
1088 1021 1181 1095 (ut
1196 1025 1274 1097 ἱεξι
1287 1024 1374 1085 di-

164 1116 322 1189 cam)
336 1131 517 1171 rerum
533 1109 1235 1187 omnium‚natura‚dederit
1250 1112 1377 1173 ani-

162 1219 348 1273 mum,
366 1220 484 1277 quo
514 1198 654 1259 nihil
684 1196 760 1257 est
787 1196 1169 1279 praestantius,
1192 1220 1377 1281 neque

165 1285 446 1354 divinia„
481 1283 552 1347 fia
577 1299 634 1343 te
659 1282 772 1363 ipse
800 1284 1033 1360 abjicies.
1049 1300 1215 1363 atque
1240 1306 1378 1365 pro.-

165 1370 401 1446 sternes,
423 1384 487 1429 ut
501 1369 642 1431 nihil
658 1372 804 1429 inter
821 1384 877 1429 te
892 1385 1059 1449 atque
1073 1372 1221 1431 inter
1236 1391 1377 1451 qua·

165 1458 467 1540 drupedem
481 1456 720 1537 aliquam
735 1471 895 1537 putes
912 1455 1192 1518 interesse?
1218 1458 1381 1539 quid·-

168 1566 340 1626 quam
359 1548 572 1607 bonum
593 1544 689 1621 est,
711 1544 867 1625 quod
888 1566 1009 1605 non
1032 1565 1179 1620 eum,
1202 1549 1301 1626 qui
1316 1544 1383 1609 id:

167 1633 420 1715 poffidet,
445 1632 728 1695 meliorem
759 1631 923 1693 faci-t?
964 1646 1029 1691 ut
1055 1634 1205 1694 enim
1226 1630 1381 1712 quis-

168 1741 280 1799 que
293 1718 370 1782 est
381 1722 621 1781 maxime
635 1721 772 1779 boni
789 1719 1172 1800 particepz,ita
1186 1734 1245 1779 et
1256 1718 1379 1779 lau·

163 1806 366 1867 dabilis
381 1808 648 1870 maxime:
666 1828 846 1885 neque
859 1804 935 1867 est
950 1805 1123 1869 ullum
1137 1808 1383 1881 bonum,

167 1892 240 1954 de
255 1914 370 1971 qno
387 1914 507 1953 non
523 1896 593 1967 is,
607 1896 706 1974 qui
719 1894 777 1953 id
791 1893 1231 1967 habeat,honeste
1244 1892 1381 1977 pos·

169 1976 238 2041 fit
248 1978 495 2058 gloriari.
543 1980 676 2058 quid
692 1997 875 2042 autem
890 1980 964 2041 est
978 1983 1177 2041 horum
1193 1982 1252 2039 in
1268 2000 1381 2041 vo-

163 2064 409 2145 luptate?
434 2066 787 2127 melioremne
801 2066 991 2139 efficit,
1014 2082 1111 2127 aut
1124 2066 1377 2129 laudabi-

165 2152 367 2212 liorem
388 2154 598 2215 virum?
625 2176 700 2213 an
715 2152 999 2234 quisquam
1014 2155 1075 2213 in
1089 2152 1378 2235 potiundis

169 2238 549 2318 voluptatibus.¹
569 2240 861 2319 gloriando
879 2236 1003 2315 sese,
1026 2257 1083 2300 et
1096 2241 1377 2322 praedica-

171 2328 330 2387 tione
343 2324 531 2387 effert?
553 2330 708 2409 atqui
729 2326 766 2387 fi
790 2324 1073 2407 voluptas,
1096 2348 1239 2409 quae
1253 2329 1377 2407 plu·
1451 2393 1459 2398 ,

170 2414 440 2474 rimorum
455 2417 780 2493 patrociniis
794 2414 1124 2489 defenditur,
1134 2418 1196 2474 in
1212 2416 1383 2473 rebus

169 2501 344 2565 bonis
371 2503 626 2567 hnbenda
645 2522 770 2565 non
798 2500 905 2577 est3
940 2519 1133 2583 eaque,
1154 2517 1270 2583 quo
1300 2498 1378 2563 est

709 2592 754 2651 F
808 2606 844 2653 2
