1725 3042
270 172 278 181 ⁰
351 176 528 233 'DE
571 174 1183 233 SENECTUTE.
1322 190 1394 239 21

201 275 506 335 c‘onvenire
519 294 607 333 me
628 272 829 350 vomit,
851 275 943 333 cui
955 270 1153 333 flierim
1166 294 1406 355 occupa-

201 376 318 421 tus.
365 376 425 419 at
443 363 628 419 minus
651 361 824 419 habeo
847 362 1073 437 virium,
1098 381 1263 439 quam
1286 360 1407 423 ves-

203 451 358 507 trum
369 448 601 507 utervis.
642 467 752 505 nec
765 468 871 507 vos
885 446 1108 527 quidem
1120 454 1203 507 Tss
1221 450 1409 527 Pontii

205 535 552 597 centurionis
581 534 724 592 vires
755 534 965 593 habetis
979 556 997 591 τ
1038 554 1173 593 num
1198 533 1408 595 idcirco

203 616 284 679 est
293 619 388 678 ille
401 618 794 699 praestantior?
813 619 1121 680 moderatio
1134 619 1307 681 'modo
1318 624 1408 682 vi-

207 707 352 765 rium
369 704 534 779 adiit,
559 722 622 765 et
651 717 871 765 tantum
884 750 903 779 ,
940 720 1209 788 quantum
1232 706 1410 787 potest

205 790 456 871 quisque,
479 794 688 851 nitatur
704 814 719 850 τ
745 812 848 850 nae
861 792 952 851 ille
965 812 1083 851 non
1099 812 1305 870 magno
1314 794 1409 853 de-

203 878 402 939 fiderio
426 880 700 938 tenebitur
728 879 951 938 virium.
1000 876 1287 959 Olympiae
1314 900 1412 961 per

205 964 438 1027 stadium
467 960 731 1043 ingl-effus
753 962 856 1023 ess'e
878 964 1020 1025 Milo
1041 964 1262 1041 dicitur,
1285 986 1411 1027 cum

205 1052 448 1111 humeris
463 1049 744 1113 sustineret
756 1052 956 1111 bovem
977 1052 1193 1112 vivum.
1222 1066 1411 1115 utrum

204 1139 374 1215 igitur
401 1141 502 1199 has
531 1140 804 1219 corporis,
845 1160 917 1199 an
942 1142 1283 1218 Pythagorae
1310 1141 1412 1200 tibi

203 1225 364 1283 malis
380 1226 522 1285 vires
537 1228 745 1303 ingenii
757 1224 876 1285 dari
894 1228 914 1285 ἒ
941 1224 1178 1305 denique
1192 1224 1292 1285 isto
1309 1229 1412 1287 bo·

205 1330 290 1371 no
301 1325 477 1385 utare,
499 1310 630 1369 dum
645 1310 776 1371 adfit
789 1334 806 1369 τ
831 1322 957 1370 cum
972 1308 1128 1386 abiit,
1144 1332 1215 1370 ne
1231 1314 1414 1393 requi-

205 1418 321 1459 ras·
381 1396 482 1457 nifi
511 1396 658 1455 forte
686 1395 1053 1457 adolescentes
1084 1399 1408 1476 pueritiam,

205 1484 432 1565 paulum·
445 1496 620 1544 aetate
630 1484 887 1565 progressi
900 1482 1314 1545 adolescentiam
1328 1484 1419 1546 de-

207 1572 375 1629 beant
391 1574 684 1648 requirere.
709 1568 897 1628 cursus
909 1570 982 1628 est
998 1586 1180 1629 certus
1196 1572 1415 1647 aetatis,

209 1672 268 1715 et
281 1678 395 1715 una
409 1659 499 1716 via
516 1672 762 1729 naturae,
773 1675 943 1733 eaque
955 1652 1201 1733 fimplexz
1218 1654 1417 1736 suaque

207 1744 411 1821 cuique
425 1744 567 1821 parti
583 1742 774 1801 aetatis
787 1738 1256 1821 tempestivitasest
1266 1741 1413 1805 data:

209 1841 276 1888 nt
289 1846 345 1889 et
359 1828 648 1889 infirmitas
662 1848 982 1908 puerorum,
994 1844 1053 1887 et
1066 1828 1317 1889 ferocitas
1331 1831 1421 1910 ju-

209 1931 495 1991 venum,et
506 1915 873 1993 gravitas'jam
888 1912 1187 1975 constantis
1202 1918 1420 1994 aetatis,

211 2018 268 2061 et
284 2003 570 2063 senectutis
583 2002 869 2062 maturitas
892 2003 1137 2062 naturale
1160 2002 1421 2081 quiddam

211 2091 428 2161 habeat,
445 2090 598 2168 quod
613 2090 710 2149 suo
727 2105 975 2167 tempore
988 2091 1191 2169 percipi
1205 2089 1416 2151 debeat.

217 2176 454 2233 arbitror
470 2191 524 2232 te
537 2176 747 2250 audire,
770 2176 976 2253 Scipio,
1000 2172 1194 2254 hospes
1218 2193 1343 2235 tuus
1360 2196 1419 2235 a·

211 2262 367 2321 >vitus
389 2258 656 2320 Mafiniss'a
679 2280 819 2340 quae
835 2259 1004 2319 faciat
1027 2259 1211 2336 hodie,
1240 2282 1421 2322 nona-

215 2347 375 2425 ginta
405 2366 586 2405 annos
603 2363 812 2407 marusa
845 2368 973 2405 cum
1014 2346 1280 2424 ingr-effus
1318 2350 1423 2407 iter

219 2433 450 2513 pedibus
488 2430 574 2505 fit,
595 2434 656 2493 in
685 2454 891 2513 equum
918 2434 1158 2493 omnino
1183 2455 1302 2493 non
1327 2432 1423 2491 ad-

207 2518 500 2594 .scendere;
511 2540 638 2583 cum
649 2538 796 2601 equo
799 2540 893 2599 ,ex
905 2538 1053 2601 equo
1070 2540 1190 2581 non
1204 2516 1425 2581 descen-
