1725 3042
461 164 1025 225 SCIPIONIS.
1270 180 1389 241 155

177 262 288 329 stra
317 260 604 347 sensusque
631 266 895 327 vincitur.
941 268 1075 326 haec
1094 256 1395 343 ego‘admi·

183 374 344 428 rans,
365 352 659 413 referebam
681 368 867 413 tamen
890 351 1087 413 oculos
1109 352 1175 410 ad
1192 367 1405 412 terram.

121 444 158 489 ⁶
181 440 505 501 identidem.
639 446 794 499 Tum
827 436 1147 515 Africanus,
1190 436 1394 516 sentio,

179 528 392 606 inquit,
410 543 466 586 te
480 524 659 587 sedem
672 528 839 585 etiam
855 546 1005 586 nunc
1020 526 1313 586 hominum
1327 546 1397 587 ac

180 612 413 678 domum
431 612 830 694 contemplari:
854 632 998 693 quae
1019 610 1060 671 fi
1073 614 1172 672 tibi
1196 632 1393 693 parva,

179 715 246 761 ut
267 699 364 776 est,
387 703 466 759 ita
494 699 737 773 videtur,
756 702 891 761 haec
914 698 1160 761 caelestia
1182 698 1393 781 semper

177 784 454 869 spectatot
479 786 576 845 illa
591 790 831 847 humana
852 787 1222 847 contemnito.
1255 801 1317 845 tu
1332 804 1393 845 e·

179 876 303 933 nim
325 894 494 953 quam
517 872 890 934 celebritatem
920 871 1186 934 sermonis
1208 873 1398 933 homi-

175 976 436 1036 num,aut
449 980 618 1041 quam
627 958 993 1041 expetendam
1009 959 1245 1039 gloriam
1259 980 1397 1021 con-

177 1045 334 1128 sequi
349 1048 540 1127 potes?
564 1047 724 1107 video
747 1048 983 1108 habitari
1007 1049 1066 1106 in
1090 1062 1237 1107 terra
1252 1048 1393 1107 raris

177 1150 238 1195 et
255 1132 494 1213 angustis
510 1135 572 1193 in
585 1132 809 1196 lociszet
823 1136 884 1194 in
900 1133 1027 1213 ipsis
1042 1133 1191 1214 quafi
1204 1154 1393 1195 macn-

178 1220 275 1296 lis,
297 1222 394 1280 ubi
423 1222 718 1294 habitatur,
740 1219 917 1281 vastas
946 1219 1273 1283 solitudines
1303 1225 1394 1281 in·

178 1308 470 1387 terjeflasz
495 1303 726 1387 hosque,
750 1309 848 1387 qui
880 1308 1136 1367 incolunt
1164 1324 1394 1383 terram,

179 1414 303 1457 non
333 1394 508 1455 modo
534 1395 877 1473 interruptos
900 1394 978 1453 ita
1000 1388 1126 1468 effe,
1158 1409 1221 1453 ut
1251 1392 1394 1453 nihil

177 1482 330 1543 inter
342 1478 491 1560 ipsos
508 1483 578 1542 ab
593 1480 712 1541 aliis
730 1479 799 1540 ad
815 1480 956 1540 alios
971 1500 1195 1541 manare
1210 1480 1391 1562 possitz

177 1566 272 1631 sed
288 1570 486 1649 partim
502 1566 785 1646 obliquos,
797 1568 997 1648 partim
1014 1566 1257 1643 ax'rersoS,
1268 1588 1398 1647 par-

177 1656 286 1717 tim
301 1656 466 1715 etiam
483 1653 739 1716 adversos
764 1652 901 1718 state
921 1656 1083 1715 vobis
1105 1675 1132 1713 ε·
1147 1674 1180 1713 ει
1193 1656 1401 1733 quibus

178 1746 472 1823 expectare
493 1741 726 1821 gloriam
747 1757 897 1802 certe
917 1740 1129 1801 nullam
1142 1738 1390 1820 potestis.

179 1828 363 1895 cernis
379 1844 562 1889 autem
583 1826 815 1895 eandem
845 1844 1069 1903 terram,
1092 1824 1245 1907 quali
1266 1827 1401 1907 qui-

181 1912 408 1977 busdam
437 1914 746 1975 redimitam
767 1930 825 1975 et
845 1914 1241 1975 circumdatam
1270 1916 1395 1973 cin·

181 1999 326 2080 gulis
349 2022 369 2066 a
389 2020 422 2061 e
438 2004 640 2081 quibus
653 2000 796 2063 duos
818 2002 1061 2061 maxime
1076 2002 1227 2059 inter
1240 1998 1295 2061 se
1306 1998 1395 2059 di·

180 2086 370 2149 versos
375 2103 452 2161 ‚et
465 2087 601 2149 caeli
617 2089 916 2149 verticibus
931 2084 1059 2167 ipfis
1072 2106 1147 2146 ex
1160 2101 1400 2167 utraque

181 2188 339 2257 parte
355 2172 644 2252 subnixos,
674 2171 961 2251 obriguiss'e
985 2174 1184 2255 pruina
1198 2172 1391 2234 vides.
1373 2194 1393 2213 ·

182 2261 423 2325 medium
439 2278 620 2322 autem
637 2260 817 2335 illum,
838 2275 897 2320 et
911 2264 1238 2336 maximum,
1260 2257 1395 2321 solis

184 2346 381 2409 ardore
396 2351 617 2409 torreri.
640 2348 755 2409 duo
771 2346 900 2408 sunt
912 2346 1253 2408 habitabiles.
1257 2364 1401 2425 quo-

182 2454 307 2495 rum
335 2434 577 2496 australis
600 2416 717 2509 ille,
753 2435 814 2493 in
845 2456 960 2515 quo
992 2435 1091 2514 qui
1121 2430 1393 2507 infinum,

185 2519 410 2591 adversa
435 2523 598 2589 vobis
627 2536 831 2605 urgent
859 2519 1102 2606 vestigia.
1148 2516 1291 2581 nihil
1320 2516 1405 2587 ad&
