1725 3042
401 186 697 245 L'IBER
738 182 1116 243 PRIMUS.
1290 200 1366 261 53

161 283 496 367 reipublicae
517 280 689 343 causta
707 280 984 358 severitas,
1013 282 1126 343 fine
1146 300 1259 363 qua
1279 282 1377 343 ad·

160 370 461 432 ministrari
482 372 675 430 civitas
692 391 811 430 non
826 368 1023 451 potest.
1069 371 1260 431 omnis
1280 388 1378 429 au-

162 474 287 517 tem
308 474 364 517 et
384 454 775 517 animadverfio
795 471 852 515 et
872 454 1150 535 castigatio
1173 470 1378 515 contu-

162 544 333 605 melia
358 564 551 603 vacare
573 542 767 617 debet;
794 564 976 623 neque
1004 544 1074 602 ad
1102 544 1256 621 ejus,
1278 542 1379 623 qui

166 626 401 713 punitur
420 630 679 710 aliquem,
701 644 797 689 aut
817 631 1000 689 verbis
1022 628 1264 709 castigat,
1286 624 1382 689 sed

166 716 243 789 ad
262 716 583 797 reipublicae
610 716 905 775 utilitatem
919 714 1129 775 referri.
1175 734 1380 775 caven-

167 802 307 863 dum
320 801 395 862 est
408 803 597 875 etiam,
612 822 683 859 ne
696 802 877 879 major
892 822 1073 881 poena
1087 820 1252 881 quam
1265 800 1381 861 cul-

168 910 247 971 pa
258 886 353 963 fit3
380 903 435 948 et
449 907 523 947 ne
538 885 727 947 iisdem
740 886 809 945 de
822 887 1009 947 cauffis
1033 887 1124 948 alii
1139 886 1381 967 plectan-

166 990 291 1051 tur,
315 974 405 1034 alii
428 995 501 1034 ne
524 973 870 1055 appellentur
891 974 1136 1053 quidem.
1185 974 1383 1055 prohi-

167 1060 352 1135 benda
364 1076 542 1123 autem
555 1062 791 1119 maxime
810 1059 886 1119 est
897 1062 980 1120 ira
991 1063 1051 1121 in
1067 1060 1349 1142 puniendo
1363 1080 1383 1121 ε

168 1166 476 1228 numquam
503 1150 653 1207 enim
667 1190 687 1223 ,
730 1149 904 1207 iratus
940 1150 1038 1226 qui
1074 1146 1278 1207 accedit
1312 1144 1386 1207 ad

168 1255 409 1317 poenam
428 1278 448 1310 ,
492 1233 921 1293 mediocritatem
953 1234 1102 1294 illam
1135 1235 1346 1293 tenebit
1360 1275 1385 1310 ,
1426 1288 1432 1293 .

166 1340 315 1401 quae
328 1318 401 1379 est
414 1322 563 1379 inter
576 1320 807 1379 nimium
817 1335 876 1379 et
891 1340 1104 1401 parum·
1122 1340 1261 1400 quae
1269 1318 1389 1400 pla·-

166 1420 263 1467 cet
294 1407 704 1487 Peripateticis;
746 1421 803 1465 et
831 1412 972 1466 reete
993 1406 1191 1487 placet,
1214 1404 1388 1467 modo

168 1514 251 1554 ne
263 1491 549 1553 laudarent
561 1491 924 1571 iracundiam,
946 1508 1003 1553 et
1017 1493 1260 1553 dicerent
1274 1493 1389 1551 uti·

160 1579 301 1641 -liter
322 1598 357 1637 a
376 1592 579 1637 natura
598 1578 815 1637 datam·
840 1578 934 1638 illa
959 1600 1098 1639 vero
1129 1580 1390 1639 omnibus

162 1668 243 1726 -iu
256 1666 421 1724 rebus
436 1661 770 1743 repudianda
782 1662 882 1737 est3
899 1664 1314 1745 optandumque
1326 1678 1394 1724 ut

168 1748 1392 1899 {23³¹{zeoessmsssii1333ffisszfflffss'

86 1934 155 1980 26
176 1920 271 1983 sed
290 1857 565 2002 ’aglquitate
579 1858 880 1985 gucuntun
948 1932 1134 2004 Atque
1152 1926 1314 1985 etiam
1326 1880 1393 1983 in:

174 2011 344 2081 rebus
356 2006 625 2091 prosperis
630 2026 707 2085 ,et
719 2010 787 2071 ad
797 2010 1137 2073 voluntatem
1153 2010 1395 2073 nostram

158 2096 479 2157 -fluentibus
498 2138 519 2170 ‚
550 2093 882 2176 superbiam,
911 2097 1208 2173 fastidium,
1237 2116 1394 2157 arro-

160 2183 533 2261 ·gantiamque
561 2201 894 2263 magnopere
913 2182 1202 2261 fugiamus.
1265 2202 1396 2243 nam

160 2283 249 2329 -ut
262 2266 509 2329 adversas
534 2288 645 2343 res„
662 2266 735 2327 fic
757 2267 1016 2329 secundas
1038 2269 1396 2329 immoderate

176 2354 347 2429 ferre,
360 2353 598 2414 levitatis
610 2352 707 2413 estz
726 2354 1098 2435 praeclaraque
1111 2354 1185 2415 est
1199 2374 1398 2433 aequa-

179 2440 369 2501 bilitas
392 2439 454 2498 in
474 2440 629 2499 omni
644 2442 779 2515 vita,
802 2456 859 2499 et
882 2442 1026 2501 idem
1049 2439 1254 2520 semper
1273 2439 1398 2497 vul-

160 2542 279 2589 ,ωε
296 2523 592 2615 eademque
606 2524 799 2598 frona
823 2541 892 2585 ut
901 2527 972 2587 de
985 2534 1230 2599 Soctate,
1249 2525 1404 2611 item-
