1725 3042
413 114 1081 195 PnssADoxA.
1274 130 1417 192 κῃ.

201 234 360 293 vum,
380 214 546 275 etiam
561 213 676 275 fiin
688 213 1007 295 ‚ampliffima
1018 212 1229 275 familia
1243 232 1406 277 natus
1444 232 1453 241 ·

181 302 289 378 fit,
313 301 696 383 appellandum
719 316 880 383 puto.
926 316 1091 381 atque
1107 317 1167 359 ut
1183 302 1241 363 in
1256 321 1409 381 mag·-

202 412 278 449 na
291 388 577 449 stultorum
591 388 794 448 familia
807 386 935 449 sunt
948 386 1039 447 alii
1053 386 1411 459 lautiores(ut

201 472 301 536 fibi
315 475 601 551 videntur)
616 473 777 551 servi,
797 472 887 535 sed
902 492 1085 535 tamen
1100 474 1263 549 servi,
1276 475 1413 537 atri·

181 560 356 637 ‘enses
371 584 434 623 ac
453 563 670 643 topiarii
693 560 951 623 stultitiae
972 560 1115 637 suae,
1146 582 1290 643 quos
1306 559 1414 641 fig-

202 670 302 724 na,
324 670 470 731 quos
490 648 727 723 tabulae,
751 669 897 729 quos
928 648 1193 711 caelatum
1214 669 1414 729 argen-

183 752 350 811 jum,
373 755 516 813 quos
535 734 826 795 Corinthia
849 756 1040 817 opera,
1063 755 1209 817 quos
1226 732 1412 797 aedifi·

204 823 290 883 cia
315 818 604 899 magnifica
633 823 810 883 nimio
835 842 1001 902 opere
1018 820 1309 883 delcetant.
1356 836 1415 883 at

183 904 705 989 'sumus,inquiunt‚
727 910 966 969 civitatis
982 909 1281 990 principes·
1306 929 1415 969 vos

203 1017 343 1057 vero
359 1016 430 1055 ne
451 987 842 1057 conservorum
858 995 1079 1076 quidem
1108 994 1414 1057 vestrorum

204 1084 483 1164 principes
517 1081 661 1144 estis,
730 1080 821 1143 sed
852 1098 915 1143 ut
944 1084 1007 1143 in
1040 1080 1275 1160 familia,
1313 1085 1415 1165 qui

202 1174 442 1231 traaant
455 1167 674 1253 ista5qui
688 1185 931 1249 tergunt,
948 1173 1047 1251 qui
1060 1187 1302 1249 ungunt,
1313 1170 1415 1252 qui

203 1271 436 1317 verrunt
448 1297 469 1330 ,
507 1258 604 1335 qui
643 1252 933 1334 spargunt,
972 1276 1096 1317 non.
1117 1255 1409 1317 honestissi·

181 1408 189 1414 ,
204 1362 358 1406 mum
372 1340 560 1401 locum
577 1338 850 1401 servitutis
869 1355 1091 1403 tenent:
1112 1340 1213 1402 fic’
1194 1364 1257 1401 m
1272 1342 1411 1403 civi-

205 1445 342 1505 tate,
371 1428 470 1509 qui
491 1425 544 1488 se
567 1426 782 1498 istarum
811 1449 993 1493 rerum
1023 1428 1414 1509 cupiditatibus

203 1514 566 1591 dediderunt,
588 1514 751 1597 ipfius
777 1514 1054 1579 servitutis
1076 1515 1261 1580 locum
1283 1535 1410 1597 pae-

206 1623 279 1663 ne
293 1602 544 1669 infimum
559 1603 1063 1681 obtinentmagna,
1078 1604 1265 1681 inquis
1269 1646 1289 1677 ,
1304 1600 1416 1661 bel·

205 1688 262 1749 la
289 1689 453 1765 geffit
483 1690 703 1767 magnis
734 1690 978 1768 imperiis
1012 1704 1070 1747 et
1100 1689 1413 1770 provinciis

205 1774 440 1855 praefui.
485 1796 615 1853 gere
643 1776 812 1853 igitur
841 1778 1084 1835 animum
1106 1772 1265 1835 laude
1292 1772 1413 1853 dig-

205 1882 366 1922 num.
412 1862 680 1921 Echionis
698 1860 885 1921 tabula
909 1877 962 1921 te
985 1860 1256 1942 stupidum
1272 1860 1412 1921 deti·

205 1962 327 2023 net,
347 1962 444 2006 aut
457 1942 668 2029 lignum
685 1946 910 2029 aliquod
928 1946 1219 2025 Polycleti.
1245 1948 1414 2007 omit-

205 2048 292 2109 to,
315 2032 462 2093 unde
486 2030 776 2109 sustuleris,
809 2050 869 2097 et
885 2033 1168 2115 quomodo
1192 2034 1412 2095 habeas.

203 2119 514 2183 intuentem
530 2136 606 2195 te,
621 2120 1007 2197 admirantem,
1020 2118 1287 2183 clamores
1304 2117 1417 2179 tol·-

203 2204 416 2269 lentem
427 2226 552 2267 cum
568 2201 754 2282 video,
766 2206 983 2267 servum
1000 2223 1054 2267 te
1068 2205 1171 2267 esse
1186 2209 1419 2287 ineptia-

203 2314 328 2353 rum
346 2294 594 2351 omuium
609 2293 827 2371 judico·
892 2316 1086 2353 nonne
1104 2296 1272 2376 igitur
1288 2291 1416 2353 sunt

202 2378 298 2439 illa
311 2377 526 2439 festiva?
553 2377 702 2440 sunt«
749 2402 879 2441 nam
896 2400 1007 2441 nos
1032 2398 1257 2459 quoque
1279 2398 1415 2441 octav

203 2466 295 2530 los
309 2464 552 2527 eruditos
567 2468 850 2529 habemus.
876 2464 987 2551 ⁴sed
1002 2464 1227 2529 obsecro
1246 2480 1321 2541 te,
1338 2464 1419 2527 ita
