1725 3042
351 142 472 203 ιμ
661 122 1335 185 PARADOXA.

343 228 542 290 civitas
551 228 872 305 erat.itaque
879 222 1062 307 pulsus
1076 225 1449 303 egocivitate
1464 248 1587 289 non

348 313 488 391 sum,
504 333 645 395 quae
661 312 808 373 nulla
821 327 973 386 erat3
999 310 1315 371 arceffitus
1293 334 1369 373 m
1386 317 1589 374 civita-

349 420 462 462 tem
491 398 630 476 sum,
653 420 776 459 cum
805 395 975 458 esset
959 419 1021 457 m
1037 397 1329 477 republica
1356 398 1585 474 consul,

351 488 450 568 qui
465 503 581 547 tum
598 485 784 545 nullus
806 484 1015 544 fuerat:
1041 482 1167 543 effet
1191 480 1436 545 senatus
1442 532 1465 563 ,
1489 488 1588 568 qui

350 591 470 635 tum
485 572 785 633 occiderat.
811 570 940 631 ess'et
962 568 1261 632 consensus
1286 572 1503 655 populi
1519 573 1587 633 li-

350 664 467 721 ber:
452 656 632 719 ·‘ess'et
611 660 752 737 Juris
769 672 824 718 et
841 657 1132 738 aequitatis
1150 654 1330 736 (quae
1348 660 1587 720 vincula

351 745 483 808 sunt
513 747 782 823 civitatis)
805 747 1035 825 repetita
1056 746 1355 806 memoria.
1410 768 1481 808 ae
1504 748 1585 809 vi

355 834 448 909 de,
469 854 632 915 quam
648 832 743 893 ista
757 833 837 891 tui
852 832 1130 891 latrocinii
1146 829 1256 889 tela
1270 849 1582 916 contemp·

353 918 536 980 serim.
577 922 778 999 jaciam
795 934 850 977 et
871 914 1152 977 immissam
1174 938 1205 975 a
1222 933 1280 977 te
1298 919 1577 980 nefariam

339 1006 418 1065 'in
439 1028 529 1067 me
549 1008 808 1086 injuriam
835 1003 1042 1085 semper
1062 1004 1227 1063 duxi:
1262 1005 1579 1084 pervenifle

353 1092 520 1151 adme
529 1090 1135 1171 nunquamputavnmfi
1150 1089 1465 1166 forte‚cum
1480 1114 1577 1173 pa-

351 1179 514 1237 rietes
531 1176 887 1253 disturbabas,
911 1194 1004 1237 aut
1018 1198 1141 1238 cum
1164 1180 1322 1238 teffls
1340 1177 1577 1239 scelera-

354 1279 441 1324 tas
451 1262 1147 1341 facesinferebaS,meorum
1160 1263 1375 1343 aliquid
1390 1287 1577 1343 ruere,

355 1370 454 1412 aut
461 1350 752 1431 deflagrare
759 1354 1107 1411 arbitrabare.
1114 1349 1255 1411 nihil
1264 1372 1455 1431 neque
1466 1374 1576 1413 me-

357 1460 453 1499 um
476 1440 570 1516 est,
593 1460 772 1518 neque
795 1436 1133 1540 cujusquam,
1166 1437 1323 1517 quod
1346 1438 1574 1516 auferri,

357 1524 514 1605 quod
541 1526 698 1605 eripi,
723 1524 879 1604 quod
908 1526 1087 1583 amitti
1118 1522 1318 1604 potest.
1366 1522 1411 1582 fi
1435 1527 1573 1585 mihi

349 1608 634 1693 eripuisses
659 1610 903 1672 divinam
936 1612 1106 1670 animi
1134 1612 1239 1669 mei
1261 1610 1570 1671 constanti-

357 1720 473 1774 am,
487 1719 634 1759 meas
651 1718 830 1773 curas„
845 1698 1083 1775 vigilias,
1102 1692 1346 1771 confilia,
1363 1702 1569 1775 quibus

359 1785 660 1865 respublica
674 1801 728 1843 te
744 1783 1060 1843 invitissimo
1077 1782 1205 1843 stat.
1231 1780 1270 1841 fi
1293 1782 1466 1860 hujus
1484 1806 1565 1844 ae-

355 1870 756 1933 ternibeneficii
767 1870 1132 1930 immortalem
1146 1872 1476 1930 memoriam
1484 1871 1569 1931 de-

353 1956 566 2021 levisses
585 1980 600 2017 ε
625 1958 801 2017 multo
818 1959 981 2017 etiam
998 1958 1169 2035 magis
1186 1954 1226 2015 fi
1240 1955 1393 2015 illam
1409 1978 1564 2017 men-

353 2043 493 2122 iem,
525 2046 671 2105 unde
685 2048 815 2106 haec
841 2042 1067 2104 consilia
1088 2058 1411 2119 manarunt,
1434 2047 1564 2105 mihi

353 2129 667 2212 eripuisses:
694 2149 811 2191 tum
827 2152 930 2209 ego
954 2128 1205 2210 accepisse
1227 2150 1315 2189 me
1332 2130 1561 2191 confite-

358 2239 449 2277 rer
469 2218 746 2293 injuriam.
795 2216 884 2276 sed
904 2216 941 2275 fi
966 2222 1095 2277 haec
1124 2238 1226 2277 nec
1255 2214 1443 2290 feeiffi,
1467 2239 1563 2278 nec

356 2304 533 2362 facere
561 2302 817 2381 potuisti:
844 2302 1081 2363 reditum
1103 2305 1237 2362 mihi
1266 2300 1560 2379 gloriosum

353 2388 562 2465 injuria
592 2402 686 2447 tua
702 2388 873 2463 dedit,
898 2410 1017 2447 non
1042 2392 1252 2447 exitum
1277 2387 1559 2449 calamito-

354 2470 494 2534 sum.
541 2494 674 2556 ergo
691 2495 796 2556 ego
812 2472 1021 2557 semper
1036 2476 1174 2538 civis
1190 2497 1209 2551 3
1236 2488 1293 2533 et
1310 2488 1429 2537 tum
1443 2495 1554 2539 ma-
