1725 3042
338 163 421 210 ρο
551 141 675 206 DE
716 141 1396 208 SENEGTUTE..

331 243 657 322 verendum,
680 265 756 306 ne
770 267 905 306 vera
925 247 995 306 de
1017 245 1070 305 se
1083 247 1439 326 praedicam,
1463 249 1562 307 ni-

332 334 441 394 mis
470 329 747 394 uideretur
772 349 868 392 aut
887 327 1151 410 insolens,
1183 349 1279 394 aut
1306 332 1558 413 loquax.

330 422 538 479 etenim
565 418 658 482 (ut
676 421 753 480 ait
776 425 1180 494 Homerus).ex
1199 420 1322 498 ejus
1351 420 1560 497 lingua

328 505 491 564 melle
500 503 717 566 dulcior
735 507 938 566 fluebat
949 508 1328 586 oratio;quam
1343 507 1419 566 ad
1435 503 1560 566 sua·-

324 593 559 651 vitatem
590 592 758 652 nullis
784 595 981 670 egebat
1007 593 1259 672 corporis
1289 591 1517 652 vii-ibus
1533 613 1554 654 e

330 692 389 736 et
402 693 583 738 tamen
606 677 727 738 dux
745 677 836 738 ille
856 681 1118 741 Graeciae
1137 676 1414 756 nusquam
1439 700 1550 759 op·

327 777 439 840 tat,
460 779 525 824 ut
541 766 611 844 Aj
618 765 731 825 acis
738 761 946 825 fimiles
961 768 1153 825 habeat
1169 764 1377 840 decem,
1403 781 1468 824 at
1481 779 1552 826 ut

333 849 616 929 Nestor-1³3
642 847 796 931 quod
810 849 849 912 fi
865 852 1145 932 acciderit,
1161 871 1281 910 non
1298 850 1546 926 dubitat,

322 940 471 1018 quin
494 940 645 1000 brevi
659 939 843 1017 Troja
856 937 922 998 fit
935 940 1196 1020 peritura.
1259 935 1348 996 sed
1369 938 1544 998 redeo

322 1024 402 1084 ad
424 1045 531 1085 me.
578 1041 833 1106 quartum
848 1045 1060 1085 annum
1073 1046 1188 1103 ago
1201 1039 1258 1083 et
1275 1023 1546 1103 oetogefi·

330 1129 482 1172 mum
496 1132 513 1169 ε
536 1110 787 1190 equidem
799 1109 948 1193 poss'e
961 1112 1158 1172 vellem
1170 1109 1316 1170 idem
1331 1110 1543 1189 gloria-

327 1197 404 1272 ri,
422 1197 581 1276 'quod
598 1205 808 1277 Cyrus:
834 1197 926 1257 sed
947 1213 1134 1257 tamen
1157 1200 1264 1256 hoc
1286 1217 1432 1278 queo
1454 1197 1542 1256 di·

330 1302 473 1360 oere,
491 1305 610 1344 non
626 1305 715 1344 me
730 1284 948 1366 quidem
963 1285 1029 1342 iis
1045 1279 1150 1343 effe
1163 1285 1398 1358 viribus,
1414 1286 1542 1362 qui·-

327 1369 434 1430 bus
456 1386 552 1452 aut
572 1371 726 1430 miles
746 1371 890 1431 bello
913 1373 1148 1445 Punico,
1171 1385 1269 1429 aut
1289 1369 1540 1449 quaestor

318 1456 524 1516 eodem
540 1457 706 1532 belln,
728 1473 825 1518 aut
846 1455 1034 1518 consul
1058 1461 1118 1516 in
1137 1455 1398 1537 Hispania
1419 1455 1534 1516 fue·

328 1543 461 1616 rim,
482 1557 578 1602 aut
592 1544 960 1621 quadriennio
977 1542 1116 1624 post,
1127 1563 1264 1602 cum
1279 1543 1533 1602 tribunus

327 1629 583 1688 >militaria
605 1628 919 1710 depugnavi
933 1629 1082 1710 apud
1102 1629 1530 1708 Thermopyla&

330 1719 437 1775 Μ’.
466 1717 643 1774 Acilio
660 1716 962 1776 Glabrione
975 1713 1226 1775 consule=
1253 1715 1340 1776 sed
1355 1733 1531 1776 tamen

328 1800 424 1872 (ut
444 1823 549 1860 vos
562 1801 795 1879 videtis)
819 1824 939 1862 non
954 1801 1118 1884 plane
1131 1823 1218 1861 me
1231 1803 1528 1878 enervavit,

330 1907 431 1946 nec
446 1887 640 1945 afflixit
655 1886 896 1948 seneetus
912 1911 928 1949 ε
955 1909 1075 1948 non
1095 1891 1247 1948 curia
1261 1892 1404 1950 vires
1419 1908 1528 1948 me·

330 1993 390 2033 as
406 1971 687 2048 desiderat,
704 1995 822 2033 non
842 1973 1056 2050 Rostra,
1074 1995 1193 2034 non
1210 1977 1391 2049 amici,
1413 1995 1524 2035 non

328 2061 583 2135 clienteS,
600 2083 718 2120 non
733 2059 996 2141 hospites,
1009 2082 1114 2121 nec
1129 2064 1278 2120 enim
1295 2081 1525 2140 unquam

318 2146 449 2208 sum
484 2146 717 2208 assensus
749 2149 926 2208 veteri
947 2148 1026 2208 illi
1047 2147 1380 2226 laudatoque
1401 2167 1520 2226 pro·

329 2234 547 2306 verbio,
572 2235 723 2312 quod
742 2251 952 2308 monet,
977 2251 1190 2294 matute
1205 2234 1320 2292 fieri
1333 2233 1520 2308 senem,

330 2316 475 2376 fi'diu
494 2319 631 2376 velis
646 2319 747 2378 effe
766 2318 952 2379 senex.
977 2341 1083 2397 ego
1097 2341 1234 2379 vero
1251 2341 1336 2378 me
1351 2321 1517 2378 minus

328 2402 423 2461 diu
452 2399 631 2461 senem
654 2403 757 2462 effe
780 2405 1020 2479 mallem,
1043 2426 1211 2484 quam
1229 2403 1336 2464 effe
1356 2404 1518 2465 senem

326 2501 479 2560 ante,
516 2507 680 2567 quam
708 2487 888 2552 effem.
949 2493 1136 2571 itaque
1166 2511 1334 2552 nemo
1363 2490 1517 2552 adhuc
