1725 3042
331 158 370 219 3
543 156 668 213 DE
712 134 1329 215 SENECTUTEE

367 260 509 317 Non
531 256 774 335 ponebat
796 249 948 315 enim
968 274 1220 315 rumores
1242 250 1375 316 ante
1394 254 1553 317 salu-

457 358 570 403 tem
586 364 604 401 2
1484 366 1489 373 ·

367 434 522 511 Ergo
535 426 813 510 magisque
823 424 1103 509 magisque
1115 427 1223 489 viri
1245 447 1400 489 nunc
1414 429 1549 509 glo-

457 519 538 576 ria
551 515 741 575 claret.

324 608 640 664 Tarentum
651 622 792 662 vero
805 622 917 682 qua
928 600 1243 680 vigilantia,
1264 600 1383 682 quo
1394 624 1547 665 con-

319 688 442 751 filio
456 690 698 771 recepit?
723 710 852 749 cum
874 688 1117 767 quidem,
1136 709 1229 748 me
1256 688 1543 765 audientess

319 776 638 854 Salinatori,
681 778 802 856 qui,
833 772 1023 835 amiss'o
1052 774 1285 855 oppido,
1320 774 1543 855 fugerat

319 865 386 925 in
415 884 596 925 arcem
613 906 634 940 ‚
669 862 935 941 glorianti
972 876 1139 941 atque
1174 863 1254 921 ita
1268 860 1500 923 'dicenti
1518 884 1541 923 e

323 953 456 1012 Mea
469 952 662 1032 opera,
677 950 915 1025 QFabi,
932 954 1249 1009 Tarentum
1265 948 1539 1029 recepisti:

324 1037 526 1113 ‘certe,
529 1040 544 1065 ²
556 1038 740 1117 inquit
754 1034 965 1095 ridens·
992 1034 1014 1066 ‘
1030 1054 1182 1110 nam,
1204 1034 1306 1095 nifi
1321 1051 1383 1095 tu
1396 1038 1540 1096 ami-

321 1124 347 1161 ‘
367 1122 532 1198 filsea,
555 1142 842 1202 nunquam
868 1120 1222 1202 recepiss'em.’
1266 1142 1371 1184 nec
1398 1143 1541 1184 vero

323 1213 384 1271 in
402 1212 566 1271 armis
581 1208 964 1289 praestantior,
980 1216 1147 1289 quam
1162 1211 1224 1268 in
1238 1222 1410 1287 togae
1435 1211 1539 1291 qui

321 1294 555 1359 consul
539 1310 762 1371 iterum,
785 1302 879 1376 Sp.
906 1294 1153 1355 carvilio
1176 1294 1387 1373 collega
1406 1297 1537 1377 qui·-

321 1382 630 1459 esoente,C.
648 1380 924 1442 Flaminio
938 1382 1167 1441 tribuno
1180 1380 1378 1461 plebis,
1394 1402 1537 1462 quo-

322 1470 395 1531 ad
409 1468 1026 1551 potuitssestititfigrum
1040 1468 1319 1529 Picentem
1334 1484 1388 1527 et
1402 1468 1537 1528 Gal-

321 1557 494 1617 licum
523 1556 733 1615 viritim
761 1570 961 1615 contra
988 1551 1206 1614 senatus
1238 1556 1533 1615 auetorita-

323 1658 438 1705 tem
451 1641 722 1703 dividenti
737 1663 756 1701 ε
777 1660 1059 1721 augurque
1074 1662 1199 1701 cum
1211 1639 1363 1717 esset,
1384 1640 1533 1702 dice·

287 1764 295 1771 -
325 1752 386 1792 re
417 1728 576 1791 ausus
605 1726 680 1789 est
696 1772 715 1803 ‚
743 1729 974 1808 optimis
1003 1726 1255 1808 auspiciis
1284 1748 1349 1786 ea
1377 1729 1531 1805 geri,

321 1836 467 1897 quae
493 1836 598 1896 pro
631 1814 955 1896 reipublicae
982 1812 1149 1876 salute
1174 1829 1490 1893 gererentur
1508 1836 1527 1875 ε

323 1902 464 1983 q'uae
476 1916 674 1961 contra
689 1898 1078 1981 rempublicam
1090 1899 1308 1975 fierent,
1332 1914 1533 1961 contra

321 1986 560 2070 auspicia
571 1986 710 2048 fieri.
757 1986 930 2047 multa
950 1988 1009 2045 in
1033 2007 1101 2047 eo
1114 1988 1243 2047 'viro
1258 1986 1529 2067 praeclara

323 2077 600 2153 cognovi:
625 2070 716 2133 sed
730 2072 868 2133 nihil
882 2070 958 2132 est
971 2072 1529 2152 admirabilius‚quam

324 2162 612 2243 quomodo
625 2159 718 2219 ille
739 2174 976 2221 mortem
1000 2164 1086 2219 M.
1102 2157 1202 2218 filii
1223 2158 1373 2233 tulit,
1394 2159 1527 2219 clari

323 2251 432 2309 viri
451 2264 509 2307 et
523 2245 848 2307 consularis.
895 2244 1045 2305 estin
1068 2248 1321 2309 manibus
1345 2244 1524 2305 lauda·

325 2335 442 2394 tio=
469 2352 634 2413 quam
665 2353 790 2391 cum
817 2331 1069 2408 legimuS,
1093 2352 1257 2411 quem
1289 2329 1525 2412 philoso-

323 2422 496 2499 phum
527 2439 648 2478 non
677 2419 1127 2477 contemnimus?
1156 2438 1261 2477 nec
1281 2438 1419 2477 vero
1438 2416 1529 2477 ille

319 2505 383 2565 in
398 2502 520 2581 luce
532 2502 889 2583 modo,atque
902 2504 963 2563 in
978 2504 1153 2565 oculis
1168 2504 1380 2567 civium⁴
1389 2523 1530 2584 mag-
