1725 3042
373 149 495 218 ΒΕ
536 151 1202 217 'SENECTUTEJ'
1327 167 1444 240 33⁵·

204 259 495 321 honestum
512 259 645 319 illud
656 259 879 318 Solonis
897 257 983 334 fit,
993 259 1142 340 quod
1157 260 1234 318 ait
1249 262 1412 321 verfi-
1441 255 1448 262 ⁸

204 347 335 405 culo
355 347 617 425 quodam,
648 361 713 403 ut
740 359 869 404 ante
889 346 1029 419 dixi,
1065 343 1332 405 senescere
1360 346 1418 406 se·
1437 347 1446 356 ’

204 432 379 491 multa
398 435 457 491 in
476 433 589 491 dies
606 430 998 491 addiscentem:
1023 451 1134 511 qua
1157 433 1410 512 volupta-

126 534 185 578 15
204 528 259 576 te
272 521 439 578 animi
456 519 605 578 nulla
620 522 767 578 certe
784 517 962 598 potest
973 516 1076 576 effe
1090 520 1412 597 major.Ve·

202 607 304 664 nio
320 625 471 664 nunc
485 604 552 664 ad
564 605 878 683 voluptates
892 596 1250 681 agricolarum
1257 649 1275 682 ,
1285 608 1412 686 qui·

202 692 303 750 bus
326 711 429 768 ego
450 691 839 752 incredibiliter
854 690 1120 750 ddeeiorz
1143 711 1282 769 quae
1305 713 1412 752 nee

198 777 311 836 ulla
324 778 697 857 impediuntur
710 776 1008 850 senectute,
1023 790 1080 834 et
1093 779 1228 834 mihi
1244 779 1310 837 ad
1326 777 1408 838 sa·

196 865 401 944 pientia
430 865 609 924 vitam
632 864 888 944 proxime
907 862 1168 922 videntur
1189 863 1410 924 accede·

197 970 281 1012 re.
341 951 547 1018 habent
574 953 724 1009 enim
755 952 1029 1009 rationem
1066 969 1192 1008 cum
1222 963 1367 1010 tem
1384 993 1408 1027 ‚

196 1055 340 1117 quae
354 1055 639 1120 nunquam
654 1034 859 1096 recusat
873 1036 1156 1118 imperium
1157 1055 1284 1111 ,nec
1297 1057 1406 1096 un·

197 1143 365 1204 quam
379 1121 489 1182 fine
503 1122 660 1183 usura
676 1123 874 1198 reddit,
891 1123 1042 1204 quod
1059 1119 1290 1204 accepit:
1316 1122 1406 1184 sed

194 1209 333 1270 aiiits
345 1209 908 1290 minore,plerumque
923 1211 1030 1287 maj
1037 1230 1134 1270 ore
1145 1231 1270 1270 cum
1285 1210 1405 1271 foe·

190 1316 351 1356 nore.
394 1314 709 1376 quanquam
722 1315 813 1354 me
824 1295 1046 1374 quidem
1061 1316 1180 1356 non
1196 1297 1406 1358 fruetus

188 1381 390 1455 modo,
410 1379 500 1441 sed
515 1381 679 1440 etiam
693 1379 857 1461 ipfius
873 1395 1048 1440 terrae
1059 1383 1148 1441 vis
1163 1402 1228 1442 ac
1242 1397 1411 1442 natu·

188 1490 255 1530 ra
272 1468 530 1529 delcetat:
564 1487 703 1547 quae
724 1487 848 1528 cum
870 1468 1080 1545 gremio
1101 1468 1317 1528 mollito
1341 1489 1405 1532 ac

190 1554 413 1617 subacto
427 1553 607 1615 semen
630 1551 867 1634 sparsum
889 1556 1139 1633 excepit;
1166 1557 1404 1636 primum

188 1639 253 1702 id
278 1657 625 1702 occaecatum
646 1643 896 1712 cohibet;
921 1661 994 1699 ex
1017 1658 1134 1718 quo
1161 1643 1404 1718 occatio,-

190 1749 333 1809 quae
347 1725 659 1802 hoc'efficit,
683 1728 970 1785 nominata
981 1725 1056 1783 est
1071 1723 1087 1784 ὲ
1111 1725 1305 1786 deinde
1317 1742 1402 1787 te·-

189 1815 457 1898 pefaflum
478 1834 685 1894 vapore
705 1827 761 1872 et
782 1809 1086 1894 compressu
1111 1811 1208 1872 suo
1223 1813 1404 1874 diffin-

190 1901 297 1978 dit,
320 1917 377 1961 et
390 1902 537 1963 elicit
556 1898 958 1960 herbescentem
979 1919 1050 1958 ex
1065 1919 1134 1960 eo
1153 1899 1405 1960 viridita-

190 2005 338 2049 tem=
362 2009 501 2069 quae
524 1988 659 2048 nixa
672 1986 823 2048 fibris
846 1985 1113 2066 ffirpium,
1134 1985 1323 2047 stnfim
1343 2007 1404 2048 a·
1441 2063 1448 2068 .

189 2073 449 2148 doleseit3
474 2075 767 2156 culmoque
778 2078 951 2133 ereeta
961 2070 1292 2150 geniculato,
1307 2093 1407 2134 va·

191 2161 342 2238 ginis
367 2161 485 2238 jam
512 2161 660 2242 quafi
690 2157 991 2243 pubescens
1017 2158 1314 2218 includitur
1326 2182 1345 2234 ;
1371 2177 1406 2220 e

193 2245 397 2327 quibus
413 2267 536 2307 cum
544 2247 842 2321 emerserit,
867 2245 1053 2306 fundit
1067 2244 1274 2324 frugem
1293 2245 1405 2326 spi-

194 2333 270 2408 ci,
292 2332 490 2392 ordine
504 2333 775 2410 struetam,
797 2350 855 2394 et
877 2347 1078 2394 contra
1091 2334 1276 2392 avium
1297 2333 1406 2392 mi·

193 2433 400 2480 norum
420 2418 635 2480 morsus
656 2422 908 2480 munitur
929 2419 1076 2479 vallo
1097 2417 1416 2480 aristarum&
1431 2413 1446 2428 ’

192 2507 331 2586 quid
344 2528 449 2588 ego
460 2508 663 2568 vitium
682 2504 851 2580 satus,
877 2521 1062 2586 ortus,
1095 2507 1407 2569 incremen-
