1725 3042
374 169 463 243 ,24
597 155 720 212 DE
760 151 1396 212 SENECTUTE.

378 277 469 318 am
488 254 777 336 imperium
806 254 868 312 in
891 248 1053 311 suos:
1075 251 1428 314 metuebant
1467 255 1642 330 servi,

378 339 1636 412 verebanturliberi,carumomneshabebant:

380 431 600 506 vigebat
612 431 672 488 in
690 426 781 486 illa
794 426 966 486 domo
983 424 1190 506 patrius
1205 443 1334 482 mos
1361 443 1440 487 et
1463 429 1630 490 disci·

380 517 552 598 plina.
598 517 676 572 ita
688 516 835 571 enim
857 510 1100 571 senectus
1123 508 1356 570 honesta
1375 514 1494 592 est,
1519 516 1562 577 fi
1579 514 1628 576 se

378 599 495 684 ipsa
504 599 773 674 defendit,
790 597 936 676 fijus
951 596 1104 658 suum
1117 599 1345 673 retinet,
1367 597 1420 658 fi
1437 605 1622 664 nemi-
1689 641 1691 644 <

377 690 444 751 ni
454 688 799 766 emancipata
818 684 916 759 est,
938 683 977 744 fi
1001 682 1166 764 usque
1189 684 1258 742 ad
1281 701 1620 748 extremum

380 773 633 856 spiritum
646 774 964 833 dominatur
975 773 1036 830 in
1051 769 1201 831 suos.
1217 783 1283 830 ut
1297 775 1470 834 enim
1487 775 1618 834 ado-

380 861 693 936 lescentem,
731 861 793 918 in
814 878 930 937 quo
953 855 1116 916 senile
1145 855 1358 938 aliquid
1377 882 1404 934 3
1435 859 1516 920 fic
1539 859 1614 922 se·

377 969 532 1024 nem,
548 950 608 1006 in
624 966 740 1026 quo
756 943 830 1004 est
846 943 1208 1004 adolescentis
1224 943 1612 1028 aliquId,p1·0.

379 1036 457 1094 bo
467 1057 485 1094 ε
511 1033 665 1114 quod
678 1033 775 1111 qui
792 1030 1055 1110 sequitur,
1077 1049 1313 1111 corpore
1328 1029 1514 1092 senex
1527 1032 1607 1093 es-

276 1157 286 1166 ’
378 1119 433 1180 se
449 1119 863 1201 poterit‚animo
881 1137 1170 1197 nunquam
1185 1119 1311 1177 erit.
1333 1115 1608 1198 septimus

376 1209 515 1270 mihi
530 1206 821 1284 Originum
835 1203 974 1264 liber
987 1202 1062 1264 est
1083 1205 1144 1264 in
1159 1205 1418 1265 manibus
1435 1226 1455 1264 ε
1481 1227 1610 1268 om·

378 1297 477 1368 nia
490 1292 837 1373 antiquitatis
851 1306 1216 1352 monumenta
1229 1290 1462 1368 colligo:
1476 1314 1606 1353 cau-

380 1380 559 1442 sarum
590 1378 897 1455 illustrium,
935 1376 1300 1458 quascumque
1329 1377 1594 1456 defendi,

380 1490 534 1528 nunc
565 1488 731 1546 quam
752 1468 992 1526 maxime
1011 1463 1248 1524 conficio
1269 1466 1590 1526 orationes:

374 1555 473 1634 jus
504 1574 789 1631 augurum,
814 1551 1162 1632 pontificum,
1184 1551 1348 1610 civile
1378 1557 1588 1612 tracto:

378 1641 616 1704 multum
628 1642 791 1700 etiam
803 1641 1026 1701 Graecis
1042 1639 1214 1698 literis
1229 1641 1587 1717 utorzpytha-

378 1747 781 1808 goreorumque
803 1746 960 1786 more
974 1723 1308 1784 exercendae
1321 1728 1582 1785 memori-

378 1837 443 1874 ae
458 1816 653 1891 gratia,
669 1834 741 1894 qu
747 1811 803 1872 id
816 1832 1042 1892 quoque
1055 1809 1140 1869 die
1155 1808 1415 1883 dixerim,
1429 1811 1581 1872 audi-

379 1902 541 1974 erim,
560 1902 789 1977 egerim,
810 1916 1184 1959 commemoro
1203 1891 1435 1974 vesperi.
1483 1902 1583 1960 hae

378 1985 507 2048 sunt
520 1988 938 2046 exercitationes
954 1985 1187 2062 ingenii,
1199 1985 1326 2040 haec
1339 1980 1582 2044 curricu-

379 2074 433 2134 la
453 2076 685 2132 mentis:
712 2074 770 2130 in
801 2074 887 2130 his
917 2069 1184 2129 desudans
1213 2084 1378 2147 atque
1397 2067 1577 2129 elabo-

379 2181 537 2233 rans,
558 2160 809 2237 corporis
832 2161 978 2216 vires
1003 2177 1125 2215 non
1146 2175 1474 2235 magnopere
1485 2154 1570 2216 de·

378 2243 573 2304 fidere.
621 2244 805 2304 adsum
821 2245 1042 2302 amicis:
1071 2244 1240 2302 venio
1256 2243 1316 2300 in
1341 2239 1568 2302 senatum

376 2330 636 2410 frequens
642 2373 661 2404 ,
684 2329 943 2407 ultroque
963 2326 1136 2386 affero
1159 2349 1246 2388 res
1269 2327 1491 2388 multum
1515 2343 1564 2388 et

362 2417 471 2492 ,diu
504 2417 803 2491 cogitatas;
838 2413 1028 2492 easque
1061 2431 1224 2474 tueor
1246 2416 1437 2492 animi,
1455 2435 1554 2472 non

360 2503 627 2582 ,corporis
651 2502 883 2561 viribus.
929 2520 1071 2580 quae
1093 2499 1369 2583 fiexsequi
1387 2497 1549 2580 nequi·
